2946 5182
144 354 211 415 208
528 362 705 410 irruimus
730 360 943 408 rurormuos.

143 539 240 603 etiam
265 535 382 600 alienos
406 534 533 599 iuvenes
556 556 612 622 pro
636 533 698 597 suis
722 532 901 611 habebant,
927 532 1033 598 obvios
1055 532 1331 622 prosequebantur

143 657 183 722 ad
219 657 358 735 curiam,
399 654 639 752 ‘manebantque
672 654 705 718 in
741 654 957 720 observatione
993 653 1094 720 donec
1128 653 1331 719 redirent.»

72 785 75 792 “
144 777 238 844 Dedit
272 778 357 843 enim
391 776 537 842 librarius
571 775 796 852 reducerent,
833 774 918 863 quod
950 776 1082 841 terbum
1109 776 1239 840 omnino
1264 796 1332 839 non

142 899 272 964 missum
303 899 401 976 facio,
434 899 460 962 si
492 896 619 986 quidem
650 918 687 960 ex
718 895 844 961 Valerio
875 895 927 974 Il,
965 902 978 961 l
1006 895 1030 984 S
1055 900 1096 962 9:
1123 896 1255 962 «donec
1281 919 1331 961 re·

143 1018 279 1085 ducendi
320 1019 416 1084 etiam
458 1017 561 1083 officio
604 1017 840 1105 fungerentur»
882 1029 1077 1107 excerpturm
1122 1017 1234 1106 quidni
1279 1019 1332 1082 in·

141 1161 279 1206 seramus
302 1161 477 1228 pronomen
512 1136 775 1225 «manebantque
810 1139 843 1202 in
880 1138 1097 1204 observatione
1131 1136 1234 1205 donee
1271 1161 1331 1203 eos

141 1260 369 1338 reducerent,»
403 1281 477 1323 nam
511 1258 612 1323 forma
646 1257 767 1348 passiva
802 1258 933 1324 «donec
965 1259 1230 1327 reducerentur»
1264 1282 1331 1326 non

139 1381 253 1471 placet.

185 1503 299 1568 Forma
330 1501 459 1590 simplex
490 1501 606 1590 legitur
636 1499 660 1589 S
694 1504 755 1566 tt:
806 1501 922 1567 «resi
953 1503 1066 1568 virtute
1099 1502 1236 1568 Romani
1260 1503 1329 1568 sine

139 1623 272 1689 artificio
304 1621 534 1688 dimicabant.»
581 1622 702 1688 Maium
732 1623 833 1689 forma
865 1624 1004 1688 ornatior
1030 1622 1153 1689 litterae
1177 1623 1214 1690 F
1233 1624 1328 1690 fefel-

138 1744 194 1823 lit,
220 1744 309 1832 atqui
331 1744 414 1809 male
439 1743 561 1834 scripsit
590 1741 732 1830 Confisi.

183 1864 264 1930 Item
308 1864 489 1929 coniunctio
530 1862 707 1952 Nepotiano
752 1863 910 1930 reddenda
943 1877 989 1930 est
1025 1862 1102 1955 Gap.
1142 1868 1179 1930 11
1219 1863 1243 1953 S
1281 1871 1322 1930 7:

138 2008 159 2048 «
170 1981 353 2050 Saeculares
372 1983 440 2048 ludi
462 1983 612 2049 celebrati
635 1995 708 2048 sunt
732 1983 816 2072 apud
839 2007 910 2049 eam
934 2008 1038 2064 aram,
1064 2009 1160 2075 quam
1183 1985 1328 2052 Valesius

138 2105 320 2181 invenerat,
353 2103 392 2166 ad
421 2125 515 2191 quam
541 2111 576 2166 et
597 2103 694 2191 nigris
717 2102 826 2168 hostiis
848 2105 1091 2186 immolabatur,
1116 2120 1148 2173 et
1170 2106 1327 2174 lectister-

138 2227 191 2291 nia
215 2223 452 2302 excitabantur,
478 2236 509 2289 et
533 2225 695 2289 nocturnis
718 2224 800 2289 ludis
824 2226 902 2293 festa
926 2229 1139 2317 agebantur.»

184 2346 296 2435 Neque
331 2344 507 2435 spernenda
540 2356 586 2410 est
620 2344 753 2423 lineola,
790 2368 852 2433 qua
887 2346 1031 2436 neglecta
1066 2347 1167 2412 Maius
1203 2349 1328 2439 scripsit

140 2465 217 2557 Gap.
259 2472 298 2533 13
335 2465 358 2555 S
397 2470 434 2531 l:
485 2463 576 2531 «Gn.
613 2464 737 2531 lllarius
774 2466 875 2531 soriba
906 2468 1056 2533 formulas
1092 2491 1193 2534 sacras
1224 2469 1328 2535 verbis

138 2589 336 2679 optior-ihus
356 2587 549 2677 expedivit.»
588 2586 749 2652 Librarius
777 2587 862 2652 enim
885 2586 973 2653 dedit
995 2591 1212 2669 unctoribus,
1241 2603 1273 2656 et
1292 2592 1327 2657 ni

137 2709 230 2774 fallor
264 2708 502 2799 apertioribus
536 2719 622 2773 reete
657 2706 823 2796 respondet
858 2708 905 2787 ei,
940 2709 1025 2796 quod
1061 2710 1185 2776 Flavius
1216 2712 1328 2777 fecisse

137 2830 238 2896 fertur
261 2828 442 2894 «formulas
462 2829 496 2893 in
518 2828 664 2893 notitiam
686 2827 796 2918 populi
818 2828 1032 2918 publicasse.»

183 2950 336 3016 Confusus
367 2973 432 3015 esse
462 2948 627 3014 videbatur
658 2946 771 3013 editori
799 2948 895 3029 ordo,
928 2973 990 3038 quo
1019 2949 1135 3041 Capitis
1166 2956 1205 3019 15
1239 2953 1326 3020 erhi-

137 3071 254 3137 bentur
276 3069 485 3160 paragraphi,
511 3092 585 3134 nam
609 3068 703 3135 rerba
727 3066 919 3158 «Capillum
939 3071 1071 3137 rutilum
1089 3073 1148 3137 sibi
1167 3087 1327 3140 ceromate

138 3192 341 3270 faciebant,»
365 3189 513 3280 Spartani
536 3213 671 3280 nempe,
696 3189 846 3280 leguntur
868 3192 901 3255 in
926 3191 1034 3259 codice
1056 3205 1126 3282 post
1152 3192 1176 3282 S
1205 3199 1267 3274 16,
1292 3196 1327 3260 in

140 3335 203 3402 qua
238 3334 336 3401 quum
372 3311 411 3377 de
444 3311 686 3376 Massiliensium
722 3310 861 3376 moribus
892 3335 993 3377 sermo
1025 3313 1099 3393 fiat,
1137 3314 1239 3380 Maius
1268 3316 1328 3382 ista

141 3433 302 3498 subiunxit
326 3430 349 3520 S
374 3436 408 3512 6;
446 3444 477 3496 at
499 3429 585 3495 haud
609 3431 671 3496 seio
696 3454 736 3495 an
760 3444 845 3496 reete
865 3432 994 3512 feeerit,
1016 3457 1090 3499 nam
1110 3458 1204 3502 suum
1220 3437 1327 3503 locum

140 3568 226 3621 reete
248 3567 378 3644 possunt
401 3552 543 3619 obtinere
565 3564 635 3642 post
660 3556 677 3637 S
706 3556 744 3618 16
772 3565 844 3619 ante
868 3567 1051 3642 sequentem
1072 3557 1324 3646 paragraphum,

61 3683 63 3687 ”
141 3699 158 3741 a
190 3699 253 3765 qua
283 3674 539 3764 interpunctione
570 3672 680 3738 saltem
703 3696 767 3738 non
791 3673 990 3753 dividuntur,
1017 3678 1106 3764 atqui
1135 3679 1179 3742 sic
1202 3679 1327 3768 legatur

139 3795 193 3861 hic
220 3796 308 3861 locus
340 3791 364 3882 S
401 3800 461 3859 17:
490 3793 677 3884 «Capillum
702 3794 833 3859 rutilum
856 3796 916 3860 sibi
939 3810 1097 3862 ceromate
1118 3787 1347 3889 faciebant[.]'

142 3916 306 4007 Spartani,
331 3915 488 3981 docebant
512 3915 608 3980 etiam
630 3915 712 3980 filios
734 3915 869 3992 furari.»

187 4037 352 4102 Ridiculus
375 4059 462 4101 error
486 4034 510 4123 S
535 4040 555 4100 8
579 4036 743 4124 inquinat,
767 4036 851 4124 quod
871 4037 972 4102 Maius
991 4040 1076 4104 enim
1097 4042 1141 4106 sic
1161 4043 1323 4110 exhibuit:

142 4157 218 4225 «Ut
237 4155 481 4224 Lacedaemonii
500 4155 688 4221 militaribus
704 4156 895 4246 disciplinis,
915 4159 958 4223 ita
974 4158 1179 4228 Athenienses
1191 4169 1327 4231 cunctis

142 4280 253 4346 officiis
294 4280 433 4367 impense
477 4276 690 4356 studebant»
726 4290 823 4344 exstat
857 4281 891 4344 in
926 4280 1050 4348 codiee:
1087 4289 1225 4366 euuct's,
1263 4288 1326 4353 iam

141 4403 236 4493 longa
259 4401 469 4490 disputatione
492 4422 569 4488 opus
593 4422 657 4464 non
681 4400 760 4480 erit,
786 4424 848 4490 qua
872 4376 1015 4468 evincam
1037 4405 1227 4474 militaribus
1245 4432 1327 4497 quae

142 4535 360 4615 opponuntur,
382 4523 493 4586 civica
515 4543 645 4610 nempe,
671 4521 823 4588 hocloco
851 4547 916 4589 esse
939 4524 1085 4614 legenda;
1111 4527 1144 4592 id
1168 4529 1253 4619 quod
1278 4554 1328 4597 se·

142 4647 252 4735 quitur
275 4646 336 4712 «in
360 4644 426 4710 foro
450 4641 582 4709 dicere»
607 4643 725 4710 Maium
749 4645 883 4713 retinere
907 4659 1098 4733 oportuerat.
