2946 5182
142 379 203 441 172
614 397 722 443 ruerus
746 397 852 444 rxnxs.

35 546 38 551 ⁵
138 587 175 628 ex
200 585 259 628 usu
282 564 413 631 solemni
439 565 665 632 Romanorum.
715 563 784 632 Hoc
808 565 919 632 eodem
937 565 1008 633 Lib.
1031 567 1097 646 IV,
1116 565 1197 656 (lap.
1221 569 1242 631 8
1266 562 1331 654 §5

140 685 252 749 omissa
276 707 339 749 una
359 685 498 752 litterula
516 687 609 776 periit
630 698 732 752 totum
752 687 941 752 vocabulum
964 687 1048 776 quod
1068 687 1173 753 abesse
1194 687 1330 775 nequit,

141 804 236 869 Hiero
269 806 353 870 enim
389 807 538 872 Romanis
574 829 638 874 non
674 805 789 874 «000
823 808 910 873 milia
943 808 1040 874 tritici
1063 807 1147 872 misit
1157 830 1192 886 ,u
1217 828 1333 872 rerum

140 928 270 1014 «606ss
295 908 372 1016 rix.»
399 949 431 1014 id
463 963 509 1016 est
537 974 558 1014 «
570 948 652 1017 000
683 951 771 1016 milia
802 950 995 1030 modiatam
1027 962 1063 1016 ut
1097 948 1208 1015 ordine
1230 948 1332 1015 habet

139 1054 245 1121 Valer.
280 1055 344 1134 IV,
370 1059 390 1120 8
415 1055 486 1121 Ext.
513 1054 536 1144 ἕ
565 1059 593 1122 1.
641 1056 741 1122 Iulius
765 1070 871 1123 noster
894 1057 1017 1123 etiamsi
1041 1055 1240 1121 abbreviator
1266 1055 1331 1119 Va·

138 1173 252 1240 lerium
283 1174 332 1252 V,
366 1178 385 1238 9
418 1172 441 1264 §
480 1180 498 1240 4
534 1174 572 1240 ad
603 1176 735 1241 verbum
758 1177 823 1242 fere
846 1177 1068 1267 descripserat,
1094 1199 1158 1241 non
1182 1189 1219 1241 ut
1244 1176 1332 1243 Maio

137 1295 304 1384 placebat,
342 1295 412 1360 Lib.
446 1296 491 1376 V,
521 1300 541 1360 6
570 1294 594 1386 S
620 1300 640 1362 8
665 1321 685 1360 «
696 1298 728 1362 in
752 1298 859 1363 locum
883 1297 1041 1363 desertum
1065 1297 1131 1362 filio
1152 1296 1331 1387 perducto,

138 1416 278 1506 gladium
304 1424 306 1428 '
331 1438 427 1504 quem
462 1416 646 1482 adtulerat
681 1441 792 1482 seeum
827 1417 969 1500 tradidit;
982 1443 1004 1482 »
1049 1419 1113 1483 imo
1160 1419 1333 1483 occultam

140 1559 252 1600 secam
295 1535 488 1602 adtulerat.
536 1537 623 1604 Idem
658 1539 764 1605 locum
799 1540 936 1605 obtinuit
971 1538 1042 1605 Lib.
1077 1538 1141 1616 VI,
1175 1543 1196 1604 8
1228 1536 1254 1628 S
1294 1543 1332 1618 4,

139 1657 195 1722 ubi
219 1680 291 1722 cum
312 1657 437 1724 Valerio
462 1659 525 1738 Vl,
551 1664 571 1724 8
596 1659 619 1749 ἕ
646 1665 665 1726 4
689 1660 794 1726 dedit:
822 1660 1007 1726 «Pindarus
1027 1659 1061 1725 0.
1087 1659 1228 1724 Cassium
1254 1660 1333 1725 Phi·

139 1778 274 1868 lippensi
303 1780 422 1869 proelio
452 1780 588 1860 rictum,
615 1803 718 1870 nuper
742 1782 781 1846 ab
805 1806 843 1847 eo
865 1782 1095 1860 manumissus,
1121 1781 1209 1845 iussu
1232 1780 1333 1870 ipsius

140 1899 363 1965 obtruncatum
393 1901 588 1966 insultationi
620 1904 770 1966 tortium
802 1903 991 1968 subtraxit.»
1038 1902 1107 1968 Nec
1137 1901 1230 1966 aliter
1258 1903 1334 1967 sexi·

139 2020 215 2086 bere
244 2023 347 2110 potuit
379 2021 464 2085 Paris
489 2020 560 2086 Lib.
588 2021 667 2100 VII,
694 2021 772 2112 Gap.
802 2027 820 2087 2
848 2022 862 2105 l
892 2027 932 2113 18
958 2045 1054 2112 quam
1078 2022 1225 2088 Valerius
1249 2022 1333 2102 VII,

142 2145 161 2205 2
187 2141 256 2206 Ext.
282 2144 299 2225 §
325 2151 363 2205 4:
392 2141 513 2206 «Plato
536 2149 608 2205 tam
632 2141 760 2208 demum
782 2143 911 2209 beatum
935 2143 1044 2211 orbem
1068 2127 1213 2209 futurum
1237 2166 1335 2232 prae·

142 2260 285 2339 dicabat,
307 2285 381 2326 cum
401 2274 455 2327 aut
474 2263 629 2350 sapientes
647 2286 798 2352 regnare,
823 2277 876 2329 aut
894 2288 982 2354 reges
995 2288 1102 2354 sapere
1115 2264 1334 2353 coepissent.»

141 2384 247 2448 Potest
272 2382 400 2471 quidem
424 2382 530 2448 abesse
550 2383 660 2448 eadem
683 2384 839 2473 particula
863 2385 973 2473 capitis
994 2386 1152 2473 sequentis
1174 2389 1192 2472 §
1215 2389 1258 2464 6,
1280 2384 1335 2451 sed

141 2527 205 2568 non
229 2517 274 2569 est
294 2527 350 2569 cur
369 2503 496 2569 librario
518 2503 718 2569 adversemur
738 2506 781 2569 sic
802 2505 967 2570 scribenti:
1007 2528 1027 2568 «
1039 2503 1174 2570 Anicula
1195 2504 1335 2572 Athenis

140 2627 307 2716 pecuniam
336 2624 469 2715 depositi
499 2627 626 2693 nomine
658 2649 675 2690 a
706 2625 830 2691 duobus
857 2625 1033 2716 hospitibus
1055 2626 1190 2715 accepit.
1243 2627 1335 2714 Quo·

141 2770 212 2812 rum
237 2747 315 2812 alter
337 2759 500 2835 tamquam
524 2759 647 2812 mortuo
672 2748 755 2812 socio
780 2769 888 2811 omnes
911 2769 1058 2810 nummos
1083 2747 1217 2837 accepit.
1270 2747 1335 2815 Su·

140 2868 282 2957 pervenit
301 2866 414 2934 deinde
438 2867 537 2946 alter,
563 2891 599 2932 ac
622 2867 797 2957 depositum
811 2879 956 2956 expetere
979 2868 1093 2956 coepit.
1145 2866 1232 2932 Tam
1262 2870 1336 2935 ani-

142 2989 232 3054 culae
262 2987 405 3054 haerenti
436 3000 613 3076 opportune
645 2986 871 3052 Demosthenes
903 2999 1053 3077 patronus
1078 2985 1218 3054 adfuit.»
1268 2989 1336 3057 Ne·

142 3109 310 3197 gligentiae
340 3109 415 3173 item
448 3107 574 3173 editoris
601 3107 706 3173 tribuo
731 3108 877 3172 omissam
901 3108 1157 3173 coniunctionem
1182 3111 1291 3199 capite
1317 3116 1337 3176 2

143 3230 160 3313 §
195 3232 254 3292 23:
286 3241 352 3292 «ut
383 3251 456 3293 cum
484 3252 521 3292 eo
553 3236 616 3292 aut
642 3230 798 3294 rarissime
820 3241 874 3293 aut
898 3228 1077 3294 dulcissime
1103 3229 1336 3318 loqueretur,»

141 3370 335 3437 quamquam
361 3349 395 3413 in
428 3348 497 3414 eod.
529 3346 568 3413 Α.
604 3349 686 3438 apud
719 3349 882 3415 Valerium
915 3349 995 3428 VII,
1026 3354 1044 3412 2
1078 3350 1150 3415 Ext.
1185 3354 1204 3436 §
1242 3358 1282 3417 11
1319 3377 1337 3418 a

140 3471 243 3560 prima
269 3492 368 3534 manu
394 3467 483 3535 rideo
508 3469 652 3533 omissam
677 3479 739 3534 aut
763 3474 961 3535 rarissime.
1010 3469 1198 3536 hecuratius
1224 3473 1335 3541 adhue

141 3615 216 3657 cnm
242 3591 369 3656 historia
402 3603 433 3656 et
461 3591 586 3655 Valerio
617 3590 696 3669 VII,
733 3594 752 3655 6
779 3597 795 3677 §
822 3594 841 3655 4
866 3591 1057 3680 conspirabit
1078 3593 1183 3670 Paris,
1209 3595 1337 3660 sicum

141 3713 249 3778 codice
278 3713 325 3778 illi
351 3711 521 3778 reddideris
553 3711 624 3777 Lib.
652 3711 733 3790 VII,
761 3710 839 3800 Gap.
866 3716 883 3776 7
910 3715 927 3797 ὃ
952 3717 992 3776 3:
1042 3709 1112 3778 «0.
1140 3713 1242 3779 Mario
1270 3714 1333 3782 Gn.

141 3830 286 3897 Carbone
309 3834 505 3897 consulibus
529 3856 602 3899 cum
627 3831 714 3921 Sylla
732 3830 952 3897 dissidentibus
973 3844 1058 3898 oet.»
1105 3832 1223 3898 Contra
1243 3859 1335 3903 sum·

138 3975 191 4018 mo
215 3954 283 4018 iure
303 3954 404 4019 Maius
421 3955 569 4044 expunxit
588 3976 762 4043 pronomen
783 3953 1008 4018 alienissimum
1029 3953 1100 4018 Lib.
1126 3954 1227 4035 VIII,
1253 3955 1334 4049 Gap.

139 4078 159 4138 6
194 4077 212 4159 §
238 4075 275 4137 1:
326 4072 395 4139 «0.
422 4074 560 4139 Licinius
585 4097 602 4138 a
625 4087 770 4163 praetore
796 4097 856 4138 sao
879 4073 1049 4162 postularit
1073 4075 1120 4139 uti
1146 4075 1231 4166 (lege
1255 4101 1333 4145 cum

140 4195 247 4260 codice
279 4207 311 4258 et
340 4194 463 4258 Valerio
493 4194 588 4274 VIII,
621 4199 640 4260 6
676 4199 693 4281 ᾗ
722 4202 734 4260 1
764 4195 814 4282 at)
839 4195 922 4284 patri
946 4217 1002 4258 suo
1026 4194 1137 4274 bonis,
1163 4209 1335 4288 tamquam

139 4341 176 4384 ea
204 4316 382 4405 dissipanti,
413 4315 688 4384 interdiceretur.»
735 4315 854 4381 Verum
878 4314 1053 4405 carpendus
1077 4328 1141 4395 est,
1168 4317 1254 4405 quod
1280 4342 1332 4384 se-

140 4437 265 4528 quentis
298 4435 415 4525 Capitis
448 4438 466 4520 §
502 4441 541 4501 10
572 4437 761 4503 vocabulum
785 4437 941 4515 omiserit,
967 4460 1003 4502 ex
1028 4436 1153 4501 Valerio
1180 4437 1283 4517 VIII,
1310 4445 1330 4505 7

140 4562 210 4627 Ext.
243 4562 260 4645 §
293 4548 314 4622 2Ι
346 4557 405 4623 rite
436 4556 646 4647 descriptum:
697 4558 814 4622 «Plato
845 4556 1025 4647 Aegyptum
1060 4558 1250 4648 peragrarit.
1305 4559 1333 4624 A

139 4679 350 4748 sacerdotibus
372 4680 437 4746 eius
459 4682 577 4768 gentis
601 4680 789 4768 geometriae
813 4679 1002 4770 multiplices
1026 4702 1173 4746 numeros
1199 4693 1231 4746 et
1256 4703 1331 4747 cae-
