<?xml version="1.0" encoding="UTF-8"?>
<!DOCTYPE html PUBLIC "-//W3C//DTD XHTML 1.0 Transitional//EN"
    "http://www.w3.org/TR/xhtml1/DTD/xhtml1-transitional.dtd">
<html xmlns="http://www.w3.org/1999/xhtml" xml:lang="en" lang="en">
 <head>
  <title>
</title>
<meta http-equiv="Content-Type" content="text/html;charset=utf-8" />
  <meta name='ocr-system' content='tesseract 3.04.00' />
  <meta name='ocr-capabilities' content='ocr_page ocr_carea ocr_par ocr_line ocrx_word'/>
</head>
<body>
  <div class='ocr_page' id='page_1' title='image "./schedaevaticana01rieugoog_0026.png"; bbox 0 0 2946 5182; ppageno 0'>
   <div class='ocr_carea' id='block_1_1' title="bbox 511 350 1308 413">
    <p class='ocr_par' dir='ltr' id='par_1_1' title="bbox 511 350 1308 413">
     <span class='ocr_line' id='line_1_1' title="bbox 511 350 1308 413; baseline 0.006 -5"><span class='ocrx_word' id='word_1_1' title='bbox 511 362 701 412; x_wconf 36' lang='lat' dir='ltr'><strong>&lt;scaurum</strong></span> <span class='ocrx_word' id='word_1_2' title='bbox 727 361 868 410; x_wconf 89' lang='lat' dir='ltr'><strong>conrc1s.</strong></span> <span class='ocrx_word' id='word_1_3' title='bbox 1290 350 1308 413; x_wconf 80' lang='lat'><strong>7</strong></span> 
     </span>
    </p>
   </div>
   <div class='ocr_carea' id='block_1_2' title="bbox 67 531 1312 3035">
    <p class='ocr_par' dir='ltr' id='par_1_2' title="bbox 122 531 1312 1231">
     <span class='ocr_line' id='line_1_2' title="bbox 123 531 1310 627; baseline 0.005 -29"><span class='ocrx_word' id='word_1_4' title='bbox 123 531 200 623; x_wconf 91' lang='lat' dir='ltr'><strong>pbia</strong></span> <span class='ocrx_word' id='word_1_5' title='bbox 216 546 356 599; x_wconf 82' lang='lat' dir='ltr'><strong>versatus</strong></span> <span class='ocrx_word' id='word_1_6' title='bbox 373 535 516 598; x_wconf 92' lang='lat' dir='ltr'><strong>omnium</strong></span> <span class='ocrx_word' id='word_1_7' title='bbox 532 533 698 599; x_wconf 87' lang='lat' dir='ltr'><strong>nationum</strong></span> <span class='ocrx_word' id='word_1_8' title='bbox 714 545 746 600; x_wconf 86' lang='lat' dir='ltr'><strong>et</strong></span> <span class='ocrx_word' id='word_1_9' title='bbox 759 534 986 623; x_wconf 89' lang='lat' dir='ltr'><strong>scripturarum</strong></span> <span class='ocrx_word' id='word_1_10' title='bbox 999 557 1114 623; x_wconf 83' lang='lat' dir='ltr'><strong>genera</strong></span> <span class='ocrx_word' id='word_1_11' title='bbox 1129 538 1310 627; x_wconf 82' lang='lat' dir='ltr'><strong>speciesque</strong></span> 
     </span>
     <span class='ocr_line' id='line_1_3' title="bbox 122 653 1310 745; baseline 0.003 -26"><span class='ocrx_word' id='word_1_12' title='bbox 122 655 334 744; x_wconf 80' lang='lat' dir='ltr'><strong>conquisivit,</strong></span> <span class='ocrx_word' id='word_1_13' title='bbox 360 677 495 745; x_wconf 93' lang='lat' dir='ltr'><strong>quarum</strong></span> <span class='ocrx_word' id='word_1_14' title='bbox 514 653 612 743; x_wconf 89' lang='lat' dir='ltr'><strong>lapidi</strong></span> <span class='ocrx_word' id='word_1_15' title='bbox 634 653 732 722; x_wconf 88' lang='lat' dir='ltr'><strong>incisa</strong></span> <span class='ocrx_word' id='word_1_16' title='bbox 751 676 811 720; x_wconf 90' lang='lat' dir='ltr'><strong>nec</strong></span> <span class='ocrx_word' id='word_1_17' title='bbox 834 676 918 732; x_wconf 91' lang='lat' dir='ltr'><strong>non,</strong></span> <span class='ocrx_word' id='word_1_18' title='bbox 944 653 1000 720; x_wconf 92' lang='lat' dir='ltr'><strong>ubi</strong></span> <span class='ocrx_word' id='word_1_19' title='bbox 1011 678 1090 745; x_wconf 88' lang='lat' dir='ltr'><strong>opus</strong></span> <span class='ocrx_word' id='word_1_20' title='bbox 1102 669 1200 737; x_wconf 89' lang='lat' dir='ltr'><strong>esset,</strong></span> <span class='ocrx_word' id='word_1_21' title='bbox 1225 658 1310 724; x_wconf 91' lang='lat' dir='ltr'><strong>colo-</strong></span> 
     </span>
     <span class='ocr_line' id='line_1_4' title="bbox 123 774 1312 868; baseline 0.004 -28"><span class='ocrx_word' id='word_1_22' title='bbox 123 788 193 842; x_wconf 86' lang='lat' dir='ltr'><strong>ratu</strong></span> <span class='ocrx_word' id='word_1_23' title='bbox 216 775 338 866; x_wconf 85' lang='lat' dir='ltr'><strong>publici</strong></span> <span class='ocrx_word' id='word_1_24' title='bbox 356 776 433 842; x_wconf 87' lang='lat' dir='ltr'><strong>iuris</strong></span> <span class='ocrx_word' id='word_1_25' title='bbox 452 775 528 841; x_wconf 88' lang='lat' dir='ltr'><strong>fecit</strong></span> <span class='ocrx_word' id='word_1_26' title='bbox 548 774 740 864; x_wconf 87' lang='lat' dir='ltr'><strong>specimina,</strong></span> <span class='ocrx_word' id='word_1_27' title='bbox 763 775 893 864; x_wconf 78' lang='lat' dir='ltr'><strong>singulis</strong></span> <span class='ocrx_word' id='word_1_28' title='bbox 910 777 984 841; x_wconf 86' lang='lat' dir='ltr'><strong>satis</strong></span> <span class='ocrx_word' id='word_1_29' title='bbox 1002 776 1125 842; x_wconf 86' lang='lat' dir='ltr'><strong>erudita</strong></span> <span class='ocrx_word' id='word_1_30' title='bbox 1141 781 1312 868; x_wconf 90' lang='lat' dir='ltr'><strong>praemissa</strong></span> 
     </span>
     <span class='ocr_line' id='line_1_5' title="bbox 124 894 1312 990; baseline 0.001 -26"><span class='ocrx_word' id='word_1_31' title='bbox 124 898 391 964; x_wconf 82' lang='lat' dir='ltr'><strong>commentatione</strong></span> <span class='ocrx_word' id='word_1_32' title='bbox 405 897 415 936; x_wconf 92' lang='lat'>¹</span> <span class='ocrx_word' id='word_1_33' title='bbox 431 920 440 978; x_wconf 86' lang='lat'>3</span> <span class='ocrx_word' id='word_1_34' title='bbox 468 918 550 986; x_wconf 90' lang='lat' dir='ltr'><strong>quae</strong></span> <span class='ocrx_word' id='word_1_35' title='bbox 572 894 701 962; x_wconf 84' lang='lat' dir='ltr'><strong>tabulae</strong></span> <span class='ocrx_word' id='word_1_36' title='bbox 724 896 798 963; x_wconf 87' lang='lat' dir='ltr'><strong>satis</strong></span> <span class='ocrx_word' id='word_1_37' title='bbox 817 910 965 964; x_wconf 87' lang='lat' dir='ltr'><strong>accurate</strong></span> <span class='ocrx_word' id='word_1_38' title='bbox 984 898 1102 965; x_wconf 89' lang='lat' dir='ltr'><strong>incisae</strong></span> <span class='ocrx_word' id='word_1_39' title='bbox 1121 911 1153 966; x_wconf 89' lang='lat' dir='ltr'><strong>et</strong></span> <span class='ocrx_word' id='word_1_40' title='bbox 1176 898 1312 990; x_wconf 74' lang='lat' dir='ltr'><strong>diligen·</strong></span> 
     </span>
     <span class='ocr_line' id='line_1_6' title="bbox 124 1016 1312 1108; baseline 0.003 -25"><span class='ocrx_word' id='word_1_41' title='bbox 124 1019 243 1086; x_wconf 82' lang='lat' dir='ltr'><strong>tissime</strong></span> <span class='ocrx_word' id='word_1_42' title='bbox 274 1018 453 1085; x_wconf 77' lang='lat' dir='ltr'><strong>elaboratae</strong></span> <span class='ocrx_word' id='word_1_43' title='bbox 485 1016 631 1084; x_wconf 88' lang='lat' dir='ltr'><strong>codicum</strong></span> <span class='ocrx_word' id='word_1_44' title='bbox 662 1017 762 1084; x_wconf 86' lang='lat' dir='ltr'><strong>instar</strong></span> <span class='ocrx_word' id='word_1_45' title='bbox 791 1018 828 1083; x_wconf 91' lang='lat' dir='ltr'><strong>iis</strong></span> <span class='ocrx_word' id='word_1_46' title='bbox 856 1018 935 1099; x_wconf 85' lang='lat' dir='ltr'><strong>sint,</strong></span> <span class='ocrx_word' id='word_1_47' title='bbox 969 1018 1083 1108; x_wconf 87' lang='lat' dir='ltr'><strong>quibus</strong></span> <span class='ocrx_word' id='word_1_48' title='bbox 1113 1019 1210 1085; x_wconf 87' lang='lat' dir='ltr'><strong>libros</strong></span> <span class='ocrx_word' id='word_1_49' title='bbox 1241 1020 1312 1087; x_wconf 89' lang='lat' dir='ltr'><strong>illos</strong></span> 
     </span>
     <span class='ocr_line' id='line_1_7' title="bbox 124 1139 937 1231; baseline 0 -25"><span class='ocrx_word' id='word_1_50' title='bbox 124 1141 356 1231; x_wconf 89' lang='lat' dir='ltr'><strong>manuscriptos</strong></span> <span class='ocrx_word' id='word_1_51' title='bbox 379 1140 534 1229; x_wconf 87' lang='lat' dir='ltr'><strong>inspicere</strong></span> <span class='ocrx_word' id='word_1_52' title='bbox 557 1157 617 1206; x_wconf 88' lang='lat' dir='ltr'><strong>nec</strong></span> <span class='ocrx_word' id='word_1_53' title='bbox 639 1150 742 1206; x_wconf 89' lang='lat' dir='ltr'><strong>terere</strong></span> <span class='ocrx_word' id='word_1_54' title='bbox 765 1139 855 1230; x_wconf 88' lang='lat' dir='ltr'><strong>copia</strong></span> <span class='ocrx_word' id='word_1_55' title='bbox 878 1152 937 1206; x_wconf 88' lang='lat' dir='ltr'><strong>est.</strong></span> 
     </span>
    </p>

    <p class='ocr_par' dir='ltr' id='par_1_3' title="bbox 67 1258 1312 3035">
     <span class='ocr_line' id='line_1_8' title="bbox 172 1258 1312 1352; baseline 0.002 -26"><span class='ocrx_word' id='word_1_56' title='bbox 172 1261 355 1327; x_wconf 87' lang='lat' dir='ltr'><strong>Tullianum</strong></span> <span class='ocrx_word' id='word_1_57' title='bbox 378 1283 457 1350; x_wconf 89' lang='lat' dir='ltr'><strong>opus</strong></span> <span class='ocrx_word' id='word_1_58' title='bbox 476 1261 510 1325; x_wconf 93' lang='lat' dir='ltr'><strong>in</strong></span> <span class='ocrx_word' id='word_1_59' title='bbox 536 1258 585 1325; x_wconf 90' lang='lat' dir='ltr'><strong>bis</strong></span> <span class='ocrx_word' id='word_1_60' title='bbox 608 1259 801 1326; x_wconf 83' lang='lat' dir='ltr'><strong>membranis</strong></span> <span class='ocrx_word' id='word_1_61' title='bbox 819 1261 922 1351; x_wconf 91' lang='lat' dir='ltr'><strong>primo</strong></span> <span class='ocrx_word' id='word_1_62' title='bbox 942 1271 1104 1326; x_wconf 82' lang='lat' dir='ltr'><strong>exaratum</strong></span> <span class='ocrx_word' id='word_1_63' title='bbox 1127 1261 1188 1327; x_wconf 85' lang='lat' dir='ltr'><strong>luit</strong></span> <span class='ocrx_word' id='word_1_64' title='bbox 1211 1284 1312 1352; x_wconf 88' lang='lat' dir='ltr'><strong>«spa—</strong></span> 
     </span>
     <span class='ocr_line' id='line_1_9' title="bbox 123 1380 1311 1472; baseline 0.002 -26"><span class='ocrx_word' id='word_1_65' title='bbox 123 1382 210 1448; x_wconf 86' lang='lat' dir='ltr'><strong>tiosis</strong></span> <span class='ocrx_word' id='word_1_66' title='bbox 232 1382 344 1449; x_wconf 90' lang='lat' dir='ltr'><strong>litteris</strong></span> <span class='ocrx_word' id='word_1_67' title='bbox 363 1405 438 1449; x_wconf 91' lang='lat' dir='ltr'><strong>eum</strong></span> <span class='ocrx_word' id='word_1_68' title='bbox 456 1382 490 1447; x_wconf 93' lang='lat' dir='ltr'><strong>in</strong></span> <span class='ocrx_word' id='word_1_69' title='bbox 509 1380 660 1460; x_wconf 90' lang='lat' dir='ltr'><strong>modum,</strong></span> <span class='ocrx_word' id='word_1_70' title='bbox 686 1393 723 1447; x_wconf 89' lang='lat' dir='ltr'><strong>ut</strong></span> <span class='ocrx_word' id='word_1_71' title='bbox 741 1380 884 1470; x_wconf 80' lang='lat' dir='ltr'><strong>singulae</strong></span> <span class='ocrx_word' id='word_1_72' title='bbox 899 1381 1035 1472; x_wconf 76' lang='lat' dir='ltr'><strong>paginae</strong></span> <span class='ocrx_word' id='word_1_73' title='bbox 1053 1380 1135 1447; x_wconf 89' lang='lat' dir='ltr'><strong>binis</strong></span> <span class='ocrx_word' id='word_1_74' title='bbox 1152 1381 1311 1448; x_wconf 88' lang='lat' dir='ltr'><strong>laterculis</strong></span> 
     </span>
     <span class='ocr_line' id='line_1_10' title="bbox 124 1500 1310 1593; baseline 0 -25"><span class='ocrx_word' id='word_1_75' title='bbox 124 1514 289 1581; x_wconf 90' lang='lat' dir='ltr'><strong>constent,</strong></span> <span class='ocrx_word' id='word_1_76' title='bbox 324 1526 407 1593; x_wconf 89' lang='lat' dir='ltr'><strong>quae</strong></span> <span class='ocrx_word' id='word_1_77' title='bbox 431 1524 538 1568; x_wconf 90' lang='lat' dir='ltr'><strong>rursus</strong></span> <span class='ocrx_word' id='word_1_78' title='bbox 559 1500 682 1592; x_wconf 75' lang='lat' dir='ltr'><strong>singula</strong></span> <span class='ocrx_word' id='word_1_79' title='bbox 706 1500 890 1590; x_wconf 88' lang='lat' dir='ltr'><strong>quindecim</strong></span> <span class='ocrx_word' id='word_1_80' title='bbox 912 1524 1018 1568; x_wconf 75' lang='lat' dir='ltr'><strong>versus</strong></span> <span class='ocrx_word' id='word_1_81' title='bbox 1041 1501 1310 1591; x_wconf 89' lang='lat' dir='ltr'><strong>complectantur,</strong></span> 
     </span>
     <span class='ocr_line' id='line_1_11' title="bbox 123 1619 1312 1714; baseline -0.002 -24"><span class='ocrx_word' id='word_1_82' title='bbox 123 1625 158 1690; x_wconf 90' lang='lat' dir='ltr'><strong>in</strong></span> <span class='ocrx_word' id='word_1_83' title='bbox 181 1623 312 1714; x_wconf 74' lang='lat' dir='ltr'><strong>singulis</strong></span> <span class='ocrx_word' id='word_1_84' title='bbox 335 1646 410 1691; x_wconf 86' lang='lat' dir='ltr'><strong>rere</strong></span> <span class='ocrx_word' id='word_1_85' title='bbox 434 1622 573 1690; x_wconf 81' lang='lat' dir='ltr'><strong>versibus</strong></span> <span class='ocrx_word' id='word_1_86' title='bbox 595 1622 721 1689; x_wconf 86' lang='lat' dir='ltr'><strong>litterae</strong></span> <span class='ocrx_word' id='word_1_87' title='bbox 742 1621 868 1687; x_wconf 82' lang='lat' dir='ltr'><strong>circiter</strong></span> <span class='ocrx_word' id='word_1_88' title='bbox 889 1619 1002 1687; x_wconf 90' lang='lat' dir='ltr'><strong>decem</strong></span> <span class='ocrx_word' id='word_1_89' title='bbox 1021 1621 1205 1711; x_wconf 79' lang='lat' dir='ltr'><strong>legantur.»</strong></span> <span class='ocrx_word' id='word_1_90' title='bbox 1252 1623 1312 1690; x_wconf 89' lang='lat' dir='ltr'><strong>Ul·</strong></span> 
     </span>
     <span class='ocr_line' id='line_1_12' title="bbox 124 1740 1312 1834; baseline -0.001 -24"><span class='ocrx_word' id='word_1_91' title='bbox 124 1745 239 1813; x_wconf 87' lang='lat' dir='ltr'><strong>timum</strong></span> <span class='ocrx_word' id='word_1_92' title='bbox 256 1743 337 1811; x_wconf 89' lang='lat' dir='ltr'><strong>illud</strong></span> <span class='ocrx_word' id='word_1_93' title='bbox 356 1743 443 1811; x_wconf 91' lang='lat' dir='ltr'><strong>haud</strong></span> <span class='ocrx_word' id='word_1_94' title='bbox 462 1745 506 1811; x_wconf 94' lang='lat' dir='ltr'><strong>ita</strong></span> <span class='ocrx_word' id='word_1_95' title='bbox 525 1742 703 1834; x_wconf 79' lang='lat' dir='ltr'><strong>urgendum</strong></span> <span class='ocrx_word' id='word_1_96' title='bbox 722 1755 769 1809; x_wconf 91' lang='lat' dir='ltr'><strong>est</strong></span> <span class='ocrx_word' id='word_1_97' title='bbox 781 1747 888 1822; x_wconf 79' lang='lat' dir='ltr'><strong>,uam</strong></span> <span class='ocrx_word' id='word_1_98' title='bbox 899 1742 1005 1810; x_wconf 82' lang='lat' dir='ltr'><strong>littera</strong></span> <span class='ocrx_word' id='word_1_99' title='bbox 1017 1765 1049 1806; x_wconf 89' lang='lat' dir='ltr'><strong>m</strong></span> <span class='ocrx_word' id='word_1_100' title='bbox 1066 1742 1160 1807; x_wconf 91' lang='lat' dir='ltr'><strong>modo</strong></span> <span class='ocrx_word' id='word_1_101' title='bbox 1176 1740 1312 1809; x_wconf 90' lang='lat' dir='ltr'><strong>duarum</strong></span> 
     </span>
     <span class='ocr_line' id='line_1_13' title="bbox 123 1862 1312 1956; baseline 0.001 -26"><span class='ocrx_word' id='word_1_102' title='bbox 123 1866 301 1932; x_wconf 87' lang='lat' dir='ltr'><strong>litterarum</strong></span> <span class='ocrx_word' id='word_1_103' title='bbox 321 1866 457 1956; x_wconf 88' lang='lat' dir='ltr'><strong>spatium</strong></span> <span class='ocrx_word' id='word_1_104' title='bbox 474 1865 534 1930; x_wconf 89' lang='lat' dir='ltr'><strong>sibi</strong></span> <span class='ocrx_word' id='word_1_105' title='bbox 552 1863 708 1955; x_wconf 85' lang='lat' dir='ltr'><strong>postulat,</strong></span> <span class='ocrx_word' id='word_1_106' title='bbox 733 1862 827 1929; x_wconf 93' lang='lat' dir='ltr'><strong>modo</strong></span> <span class='ocrx_word' id='word_1_107' title='bbox 847 1863 881 1929; x_wconf 92' lang='lat' dir='ltr'><strong>in</strong></span> <span class='ocrx_word' id='word_1_108' title='bbox 900 1863 965 1930; x_wconf 89' lang='lat' dir='ltr'><strong>fine</strong></span> <span class='ocrx_word' id='word_1_109' title='bbox 984 1884 1089 1928; x_wconf 84' lang='lat' dir='ltr'><strong>versus</strong></span> <span class='ocrx_word' id='word_1_110' title='bbox 1112 1884 1177 1928; x_wconf 90' lang='lat' dir='ltr'><strong>non</strong></span> <span class='ocrx_word' id='word_1_111' title='bbox 1196 1864 1312 1954; x_wconf 88' lang='lat' dir='ltr'><strong>scripta</strong></span> 
     </span>
     <span class='ocr_line' id='line_1_14' title="bbox 125 1983 1312 2078; baseline -0.002 -25"><span class='ocrx_word' id='word_1_112' title='bbox 125 1987 321 2078; x_wconf 78' lang='lat' dir='ltr'><strong>significatur</strong></span> <span class='ocrx_word' id='word_1_113' title='bbox 350 2007 408 2075; x_wconf 91' lang='lat' dir='ltr'><strong>per</strong></span> <span class='ocrx_word' id='word_1_114' title='bbox 434 1985 605 2066; x_wconf 88' lang='lat' dir='ltr'><strong>lineolam,</strong></span> <span class='ocrx_word' id='word_1_115' title='bbox 634 2006 717 2075; x_wconf 89' lang='lat' dir='ltr'><strong>quae</strong></span> <span class='ocrx_word' id='word_1_116' title='bbox 746 1984 863 2075; x_wconf 88' lang='lat' dir='ltr'><strong>passim</strong></span> <span class='ocrx_word' id='word_1_117' title='bbox 893 1983 1004 2050; x_wconf 90' lang='lat' dir='ltr'><strong>itidem</strong></span> <span class='ocrx_word' id='word_1_118' title='bbox 1027 1983 1132 2050; x_wconf 87' lang='lat' dir='ltr'><strong>medio</strong></span> <span class='ocrx_word' id='word_1_119' title='bbox 1157 1985 1190 2050; x_wconf 93' lang='lat' dir='ltr'><strong>in</strong></span> <span class='ocrx_word' id='word_1_120' title='bbox 1221 2008 1312 2052; x_wconf 87' lang='lat' dir='ltr'><strong>rersu</strong></span> 
     </span>
     <span class='ocr_line' id='line_1_15' title="bbox 125 2105 1312 2197; baseline 0.001 -23"><span class='ocrx_word' id='word_1_121' title='bbox 125 2107 280 2187; x_wconf 89' lang='lat' dir='ltr'><strong>occurrit,</strong></span> <span class='ocrx_word' id='word_1_122' title='bbox 305 2129 548 2197; x_wconf 89' lang='lat' dir='ltr'><strong>nonnumquam</strong></span> <span class='ocrx_word' id='word_1_123' title='bbox 567 2106 691 2174; x_wconf 85' lang='lat' dir='ltr'><strong>etiamsi</strong></span> <span class='ocrx_word' id='word_1_124' title='bbox 713 2105 813 2172; x_wconf 90' lang='lat' dir='ltr'><strong>rarius</strong></span> <span class='ocrx_word' id='word_1_125' title='bbox 834 2127 892 2197; x_wconf 89' lang='lat' dir='ltr'><strong>pro</strong></span> <span class='ocrx_word' id='word_1_126' title='bbox 908 2105 1013 2172; x_wconf 88' lang='lat' dir='ltr'><strong>littera</strong></span> <span class='ocrx_word' id='word_1_127' title='bbox 1031 2128 1054 2170; x_wconf 82' lang='lat' dir='ltr'><strong>n</strong></span> <span class='ocrx_word' id='word_1_128' title='bbox 1071 2106 1184 2196; x_wconf 86' lang='lat' dir='ltr'><strong>posita.</strong></span> <span class='ocrx_word' id='word_1_129' title='bbox 1231 2108 1312 2175; x_wconf 86' lang='lat' dir='ltr'><strong>Tum</strong></span> 
     </span>
     <span class='ocr_line' id='line_1_16' title="bbox 124 2225 1312 2317; baseline -0.001 -21"><span class='ocrx_word' id='word_1_130' title='bbox 124 2229 302 2296; x_wconf 84' lang='lat' dir='ltr'><strong>litterarum</strong></span> <span class='ocrx_word' id='word_1_131' title='bbox 324 2250 472 2294; x_wconf 90' lang='lat' dir='ltr'><strong>mensura</strong></span> <span class='ocrx_word' id='word_1_132' title='bbox 496 2226 574 2294; x_wconf 90' lang='lat' dir='ltr'><strong>adeo</strong></span> <span class='ocrx_word' id='word_1_133' title='bbox 598 2229 684 2294; x_wconf 75' lang='lat' dir='ltr'><strong>varia</strong></span> <span class='ocrx_word' id='word_1_134' title='bbox 706 2239 774 2307; x_wconf 90' lang='lat' dir='ltr'><strong>est,</strong></span> <span class='ocrx_word' id='word_1_135' title='bbox 788 2225 836 2292; x_wconf 67' lang='lat' dir='ltr'><strong>‘ut</strong></span> <span class='ocrx_word' id='word_1_136' title='bbox 859 2225 944 2316; x_wconf 90' lang='lat' dir='ltr'><strong>quod</strong></span> <span class='ocrx_word' id='word_1_137' title='bbox 968 2238 1088 2317; x_wconf 88' lang='lat' dir='ltr'><strong>septem</strong></span> <span class='ocrx_word' id='word_1_138' title='bbox 1111 2251 1222 2294; x_wconf 89' lang='lat' dir='ltr'><strong>earum</strong></span> <span class='ocrx_word' id='word_1_139' title='bbox 1245 2230 1312 2296; x_wconf 87' lang='lat' dir='ltr'><strong>sine</strong></span> 
     </span>
     <span class='ocr_line' id='line_1_17' title="bbox 122 2347 1312 2441; baseline 0.001 -25"><span class='ocrx_word' id='word_1_140' title='bbox 122 2351 209 2441; x_wconf 52' lang='lat' dir='ltr'><strong>‘siglis</strong></span> <span class='ocrx_word' id='word_1_141' title='bbox 240 2349 404 2440; x_wconf 87' lang='lat' dir='ltr'><strong>requirant</strong></span> <span class='ocrx_word' id='word_1_142' title='bbox 433 2350 587 2439; x_wconf 86' lang='lat' dir='ltr'><strong>spatium,</strong></span> <span class='ocrx_word' id='word_1_143' title='bbox 616 2349 649 2415; x_wconf 92' lang='lat' dir='ltr'><strong>in</strong></span> <span class='ocrx_word' id='word_1_144' title='bbox 681 2347 793 2415; x_wconf 88' lang='lat' dir='ltr'><strong>eadem</strong></span> <span class='ocrx_word' id='word_1_145' title='bbox 815 2349 931 2438; x_wconf 80' lang='lat' dir='ltr'><strong>pagina</strong></span> <span class='ocrx_word' id='word_1_146' title='bbox 958 2370 1030 2414; x_wconf 87' lang='lat' dir='ltr'><strong>mor</strong></span> <span class='ocrx_word' id='word_1_147' title='bbox 1053 2347 1222 2416; x_wconf 89' lang='lat' dir='ltr'><strong>duodecim</strong></span> <span class='ocrx_word' id='word_1_148' title='bbox 1253 2352 1312 2417; x_wconf 87' lang='lat' dir='ltr'><strong>rite</strong></span> 
     </span>
     <span class='ocr_line' id='line_1_18' title="bbox 125 2468 1312 2562; baseline 0.001 -24"><span class='ocrx_word' id='word_1_149' title='bbox 125 2473 259 2562; x_wconf 87' lang='lat' dir='ltr'><strong>scriptae</strong></span> <span class='ocrx_word' id='word_1_150' title='bbox 282 2470 474 2560; x_wconf 87' lang='lat' dir='ltr'><strong>compleant.</strong></span> <span class='ocrx_word' id='word_1_151' title='bbox 523 2469 614 2536; x_wconf 79' lang='lat' dir='ltr'><strong>Adde</strong></span> <span class='ocrx_word' id='word_1_152' title='bbox 638 2468 723 2559; x_wconf 88' lang='lat' dir='ltr'><strong>quod</strong></span> <span class='ocrx_word' id='word_1_153' title='bbox 746 2469 889 2550; x_wconf 88' lang='lat' dir='ltr'><strong>litterae,</strong></span> <span class='ocrx_word' id='word_1_154' title='bbox 913 2481 1008 2560; x_wconf 87' lang='lat' dir='ltr'><strong>prout</strong></span> <span class='ocrx_word' id='word_1_155' title='bbox 1031 2469 1159 2536; x_wconf 90' lang='lat' dir='ltr'><strong>librario</strong></span> <span class='ocrx_word' id='word_1_156' title='bbox 1182 2471 1312 2561; x_wconf 86' lang='lat' dir='ltr'><strong>placue-</strong></span> 
     </span>
     <span class='ocr_line' id='line_1_19' title="bbox 126 2590 1311 2681; baseline 0.001 -23"><span class='ocrx_word' id='word_1_157' title='bbox 126 2594 166 2660; x_wconf 90' lang='lat' dir='ltr'><strong>rit</strong></span> <span class='ocrx_word' id='word_1_158' title='bbox 186 2603 241 2659; x_wconf 91' lang='lat' dir='ltr'><strong>aut</strong></span> <span class='ocrx_word' id='word_1_159' title='bbox 262 2615 311 2658; x_wconf 90' lang='lat' dir='ltr'><strong>res</strong></span> <span class='ocrx_word' id='word_1_160' title='bbox 339 2590 524 2680; x_wconf 85' lang='lat' dir='ltr'><strong>postularit,</strong></span> <span class='ocrx_word' id='word_1_161' title='bbox 545 2591 579 2656; x_wconf 92' lang='lat' dir='ltr'><strong>in</strong></span> <span class='ocrx_word' id='word_1_162' title='bbox 602 2591 667 2657; x_wconf 89' lang='lat' dir='ltr'><strong>fine</strong></span> <span class='ocrx_word' id='word_1_163' title='bbox 690 2613 837 2657; x_wconf 74' lang='lat' dir='ltr'><strong>versuum</strong></span> <span class='ocrx_word' id='word_1_164' title='bbox 861 2590 1090 2681; x_wconf 87' lang='lat' dir='ltr'><strong>aliquantisper</strong></span> <span class='ocrx_word' id='word_1_165' title='bbox 1104 2594 1311 2673; x_wconf 86' lang='lat' dir='ltr'><strong>minuantur,</strong></span> 
     </span>
     <span class='ocr_line' id='line_1_20' title="bbox 125 2711 1311 2802; baseline 0.002 -24"><span class='ocrx_word' id='word_1_166' title='bbox 125 2726 160 2778; x_wconf 90' lang='lat' dir='ltr'><strong>ut</strong></span> <span class='ocrx_word' id='word_1_167' title='bbox 183 2725 270 2780; x_wconf 90' lang='lat' dir='ltr'><strong>recte</strong></span> <span class='ocrx_word' id='word_1_168' title='bbox 292 2712 416 2777; x_wconf 89' lang='lat' dir='ltr'><strong>monuit</strong></span> <span class='ocrx_word' id='word_1_169' title='bbox 441 2711 563 2791; x_wconf 88' lang='lat' dir='ltr'><strong>Maius,</strong></span> <span class='ocrx_word' id='word_1_170' title='bbox 593 2733 665 2802; x_wconf 80' lang='lat' dir='ltr'><strong>pag.</strong></span> <span class='ocrx_word' id='word_1_171' title='bbox 687 2729 748 2790; x_wconf 78' lang='lat' dir='ltr'><strong>ax,</strong></span> <span class='ocrx_word' id='word_1_172' title='bbox 781 2711 892 2777; x_wconf 91' lang='lat' dir='ltr'><strong>autin</strong></span> <span class='ocrx_word' id='word_1_173' title='bbox 915 2733 1154 2801; x_wconf 80' lang='lat' dir='ltr'><strong>monogramma</strong></span> <span class='ocrx_word' id='word_1_174' title='bbox 1178 2726 1311 2795; x_wconf 87' lang='lat' dir='ltr'><strong>coeant,</strong></span> 
     </span>
     <span class='ocr_line' id='line_1_21' title="bbox 123 2832 1311 2923; baseline 0 -23"><span class='ocrx_word' id='word_1_175' title='bbox 123 2835 215 2900; x_wconf 90' lang='lat' dir='ltr'><strong>cuius</strong></span> <span class='ocrx_word' id='word_1_176' title='bbox 239 2834 285 2900; x_wconf 91' lang='lat' dir='ltr'><strong>rei</strong></span> <span class='ocrx_word' id='word_1_177' title='bbox 312 2832 392 2899; x_wconf 90' lang='lat' dir='ltr'><strong>haec</strong></span> <span class='ocrx_word' id='word_1_178' title='bbox 420 2844 592 2898; x_wconf 88' lang='lat' dir='ltr'><strong>occurrunt</strong></span> <span class='ocrx_word' id='word_1_179' title='bbox 619 2832 781 2923; x_wconf 83' lang='lat' dir='ltr'><strong>exempla:</strong></span> <span class='ocrx_word' id='word_1_180' title='bbox 812 2854 874 2912; x_wconf 86' lang='lat' dir='ltr'><strong>oe,</strong></span> <span class='ocrx_word' id='word_1_181' title='bbox 900 2832 965 2912; x_wconf 87' lang='lat' dir='ltr'><strong>ds,</strong></span> <span class='ocrx_word' id='word_1_182' title='bbox 995 2850 1054 2913; x_wconf 80' lang='lat' dir='ltr'><strong>aa,</strong></span> <span class='ocrx_word' id='word_1_183' title='bbox 1080 2857 1142 2914; x_wconf 83' lang='lat' dir='ltr'><strong>ns,</strong></span> <span class='ocrx_word' id='word_1_184' title='bbox 1168 2843 1225 2915; x_wconf 83' lang='lat' dir='ltr'><strong>nt,</strong></span> <span class='ocrx_word' id='word_1_185' title='bbox 1250 2858 1311 2917; x_wconf 86' lang='lat' dir='ltr'><strong>or,</strong></span> 
     </span>
     <span class='ocr_line' id='line_1_22' title="bbox 67 2928 1312 3035; baseline 0.001 -14"><span class='ocrx_word' id='word_1_186' title='bbox 67 2981 74 2987; x_wconf 94' lang='lat'>·</span> <span class='ocrx_word' id='word_1_187' title='bbox 121 2977 183 3035; x_wconf 82' lang='lat' dir='ltr'><strong>ra,</strong></span> <span class='ocrx_word' id='word_1_188' title='bbox 207 2978 277 3034; x_wconf 78' lang='lat' dir='ltr'><strong>aaa,</strong></span> <span class='ocrx_word' id='word_1_189' title='bbox 301 2957 357 3032; x_wconf 84' lang='lat' dir='ltr'><strong>ui,</strong></span> <span class='ocrx_word' id='word_1_190' title='bbox 382 2953 442 3031; x_wconf 81' lang='lat' dir='ltr'><strong>al,</strong></span> <span class='ocrx_word' id='word_1_191' title='bbox 468 2976 544 3032; x_wconf 84' lang='lat' dir='ltr'><strong>um,</strong></span> <span class='ocrx_word' id='word_1_192' title='bbox 569 2975 635 3033; x_wconf 83' lang='lat' dir='ltr'><strong>un,</strong></span> <span class='ocrx_word' id='word_1_193' title='bbox 659 2928 743 3033; x_wconf 76' lang='lat' dir='ltr'><strong>aaa,</strong></span> <span class='ocrx_word' id='word_1_194' title='bbox 769 2976 833 3034; x_wconf 84' lang='lat' dir='ltr'><strong>ur,</strong></span> <span class='ocrx_word' id='word_1_195' title='bbox 858 2976 920 3034; x_wconf 84' lang='lat' dir='ltr'><strong>us,</strong></span> <span class='ocrx_word' id='word_1_196' title='bbox 944 2961 994 3020; x_wconf 83' lang='lat' dir='ltr'><strong>ut.</strong></span> <span class='ocrx_word' id='word_1_197' title='bbox 1040 2955 1137 3021; x_wconf 88' lang='lat' dir='ltr'><strong>Porro</strong></span> <span class='ocrx_word' id='word_1_198' title='bbox 1160 2957 1312 3022; x_wconf 87' lang='lat' dir='ltr'><strong>termina·</strong></span> 
     </span>
    </p>
   </div>
   <div class='ocr_carea' id='block_1_3' title="bbox 124 3074 1312 3168">
    <p class='ocr_par' dir='ltr' id='par_1_4' title="bbox 124 3074 1312 3168">
     <span class='ocr_line' id='line_1_23' title="bbox 124 3074 1312 3168; baseline 0.004 -27"><span class='ocrx_word' id='word_1_199' title='bbox 124 3076 169 3142; x_wconf 90' lang='lat' dir='ltr'><strong>tio</strong></span> <span class='ocrx_word' id='word_1_200' title='bbox 197 3076 258 3140; x_wconf 83' lang='lat' dir='ltr'><strong>bus</strong></span> <span class='ocrx_word' id='word_1_201' title='bbox 289 3088 321 3141; x_wconf 87' lang='lat' dir='ltr'><strong>et</strong></span> <span class='ocrx_word' id='word_1_202' title='bbox 346 3074 528 3140; x_wconf 87' lang='lat' dir='ltr'><strong>coniunctio</strong></span> <span class='ocrx_word' id='word_1_203' title='bbox 559 3097 624 3162; x_wconf 83' lang='lat' dir='ltr'><strong>que</strong></span> <span class='ocrx_word' id='word_1_204' title='bbox 647 3076 749 3164; x_wconf 90' lang='lat' dir='ltr'><strong>prima</strong></span> <span class='ocrx_word' id='word_1_205' title='bbox 773 3087 897 3141; x_wconf 87' lang='lat' dir='ltr'><strong>tantum</strong></span> <span class='ocrx_word' id='word_1_206' title='bbox 920 3076 1025 3143; x_wconf 85' lang='lat' dir='ltr'><strong>littera</strong></span> <span class='ocrx_word' id='word_1_207' title='bbox 1049 3076 1171 3144; x_wconf 86' lang='lat' dir='ltr'><strong>adiecto</strong></span> <span class='ocrx_word' id='word_1_208' title='bbox 1191 3091 1312 3168; x_wconf 90' lang='lat' dir='ltr'><strong>puncto</strong></span> 
     </span>
    </p>
   </div>
   <div class='ocr_carea' id='block_1_4' title="bbox 120 3192 1370 4132">
    <p class='ocr_par' dir='ltr' id='par_1_5' title="bbox 120 3192 1370 4132">
     <span class='ocr_line' id='line_1_24' title="bbox 125 3192 1312 3285; baseline 0.002 -23"><span class='ocrx_word' id='word_1_209' title='bbox 125 3196 324 3275; x_wconf 86' lang='lat' dir='ltr'><strong>indicantur,</strong></span> <span class='ocrx_word' id='word_1_210' title='bbox 343 3192 610 3284; x_wconf 87' lang='lat' dir='ltr'><strong>quemadmodum</strong></span> <span class='ocrx_word' id='word_1_211' title='bbox 623 3214 798 3284; x_wconf 84' lang='lat' dir='ltr'><strong>pronomen</strong></span> <span class='ocrx_word' id='word_1_212' title='bbox 811 3217 900 3283; x_wconf 83' lang='lat' dir='ltr'><strong>quae</strong></span> <span class='ocrx_word' id='word_1_213' title='bbox 918 3216 976 3285; x_wconf 91' lang='lat' dir='ltr'><strong>per</strong></span> <span class='ocrx_word' id='word_1_214' title='bbox 995 3207 1048 3284; x_wconf 85' lang='lat' dir='ltr'><strong>q’,</strong></span> <span class='ocrx_word' id='word_1_215' title='bbox 1065 3207 1134 3262; x_wconf 91' lang='lat' dir='ltr'><strong>tum</strong></span> <span class='ocrx_word' id='word_1_216' title='bbox 1153 3197 1188 3262; x_wconf 94' lang='lat' dir='ltr'><strong>in</strong></span> <span class='ocrx_word' id='word_1_217' title='bbox 1206 3198 1312 3264; x_wconf 90' lang='lat' dir='ltr'><strong>medio</strong></span> 
     </span>
     <span class='ocr_line' id='line_1_25' title="bbox 120 3314 1311 3408; baseline -0.001 -23"><span class='ocrx_word' id='word_1_218' title='bbox 120 3341 216 3386; x_wconf 75' lang='lat' dir='ltr'><strong>uersu</strong></span> <span class='ocrx_word' id='word_1_219' title='bbox 238 3329 308 3382; x_wconf 86' lang='lat' dir='ltr'><strong>tum</strong></span> <span class='ocrx_word' id='word_1_220' title='bbox 331 3315 364 3380; x_wconf 93' lang='lat' dir='ltr'><strong>in</strong></span> <span class='ocrx_word' id='word_1_221' title='bbox 387 3315 472 3394; x_wconf 90' lang='lat' dir='ltr'><strong>fine,</strong></span> <span class='ocrx_word' id='word_1_222' title='bbox 505 3336 587 3404; x_wconf 90' lang='lat' dir='ltr'><strong>quae</strong></span> <span class='ocrx_word' id='word_1_223' title='bbox 610 3314 733 3405; x_wconf 79' lang='lat' dir='ltr'><strong>singula</strong></span> <span class='ocrx_word' id='word_1_224' title='bbox 762 3315 855 3381; x_wconf 88' lang='lat' dir='ltr'><strong>unius</strong></span> <span class='ocrx_word' id='word_1_225' title='bbox 878 3327 1004 3381; x_wconf 89' lang='lat' dir='ltr'><strong>tantum</strong></span> <span class='ocrx_word' id='word_1_226' title='bbox 1027 3316 1151 3384; x_wconf 84' lang='lat' dir='ltr'><strong>litterae</strong></span> <span class='ocrx_word' id='word_1_227' title='bbox 1174 3320 1311 3408; x_wconf 90' lang='lat' dir='ltr'><strong>spatium</strong></span> 
     </span>
     <span class='ocr_line' id='line_1_26' title="bbox 124 3434 1312 3528; baseline 0 -24"><span class='ocrx_word' id='word_1_228' title='bbox 124 3439 184 3504; x_wconf 89' lang='lat' dir='ltr'><strong>sibi</strong></span> <span class='ocrx_word' id='word_1_229' title='bbox 205 3436 379 3504; x_wconf 70' lang='lat' dir='ltr'><strong>vindicant.</strong></span> <span class='ocrx_word' id='word_1_230' title='bbox 428 3434 550 3502; x_wconf 88' lang='lat' dir='ltr'><strong>Ileinde</strong></span> <span class='ocrx_word' id='word_1_231' title='bbox 582 3435 702 3526; x_wconf 68' lang='lat' dir='ltr'><strong>vulgari</strong></span> <span class='ocrx_word' id='word_1_232' title='bbox 731 3435 831 3501; x_wconf 90' lang='lat' dir='ltr'><strong>modo</strong></span> <span class='ocrx_word' id='word_1_233' title='bbox 853 3438 1035 3516; x_wconf 77' lang='lat' dir='ltr'><strong>consules,</strong></span> <span class='ocrx_word' id='word_1_234' title='bbox 1061 3439 1216 3528; x_wconf 79' lang='lat' dir='ltr'><strong>populus</strong></span> <span class='ocrx_word' id='word_1_235' title='bbox 1240 3437 1312 3504; x_wconf 82' lang='lat' dir='ltr'><strong>Ro·</strong></span> 
     </span>
     <span class='ocr_line' id='line_1_27' title="bbox 125 3556 1311 3650; baseline 0.001 -25"><span class='ocrx_word' id='word_1_236' title='bbox 125 3582 248 3625; x_wconf 82' lang='lat' dir='ltr'><strong>monus</strong></span> <span class='ocrx_word' id='word_1_237' title='bbox 260 3610 268 3640; x_wconf 89' lang='lat'><strong>,</strong></span> <span class='ocrx_word' id='word_1_238' title='bbox 287 3556 571 3646; x_wconf 79' lang='lat' dir='ltr'><strong>tribunusplebis</strong></span> <span class='ocrx_word' id='word_1_239' title='bbox 582 3606 591 3636; x_wconf 94' lang='lat'><strong>,</strong></span> <span class='ocrx_word' id='word_1_240' title='bbox 609 3579 647 3623; x_wconf 85' lang='lat' dir='ltr'><strong>er</strong></span> <span class='ocrx_word' id='word_1_241' title='bbox 659 3556 774 3622; x_wconf 91' lang='lat' dir='ltr'><strong>initiali</strong></span> <span class='ocrx_word' id='word_1_242' title='bbox 789 3569 843 3623; x_wconf 89' lang='lat' dir='ltr'><strong>aut</strong></span> <span class='ocrx_word' id='word_1_243' title='bbox 858 3557 1016 3648; x_wconf 90' lang='lat' dir='ltr'><strong>prioribus</strong></span> <span class='ocrx_word' id='word_1_244' title='bbox 1027 3557 1139 3623; x_wconf 87' lang='lat' dir='ltr'><strong>litteris</strong></span> <span class='ocrx_word' id='word_1_245' title='bbox 1151 3557 1311 3650; x_wconf 89' lang='lat' dir='ltr'><strong>adscripto</strong></span> 
     </span>
     <span class='ocr_line' id='line_1_28' title="bbox 125 3677 1370 3771; baseline -0.002 -25"><span class='ocrx_word' id='word_1_246' title='bbox 125 3692 244 3770; x_wconf 90' lang='lat' dir='ltr'><strong>puncto</strong></span> <span class='ocrx_word' id='word_1_247' title='bbox 275 3679 482 3768; x_wconf 78' lang='lat' dir='ltr'><strong>intelligitur,</strong></span> <span class='ocrx_word' id='word_1_248' title='bbox 514 3690 550 3744; x_wconf 91' lang='lat' dir='ltr'><strong>ut</strong></span> <span class='ocrx_word' id='word_1_249' title='bbox 582 3679 615 3744; x_wconf 90' lang='lat' dir='ltr'><strong>in</strong></span> <span class='ocrx_word' id='word_1_250' title='bbox 643 3677 739 3744; x_wconf 90' lang='lat' dir='ltr'><strong>rerbo</strong></span> <span class='ocrx_word' id='word_1_251' title='bbox 762 3680 984 3771; x_wconf 79' lang='lat' dir='ltr'><strong>respublica</strong></span> <span class='ocrx_word' id='word_1_252' title='bbox 1006 3679 1112 3746; x_wconf 84' lang='lat' dir='ltr'><strong>littera</strong></span> <span class='ocrx_word' id='word_1_253' title='bbox 1132 3680 1168 3746; x_wconf 89' lang='lat' dir='ltr'><strong>P.</strong></span> <span class='ocrx_word' id='word_1_254' title='bbox 1195 3681 1312 3748; x_wconf 89' lang='lat' dir='ltr'><strong>sufficit</strong></span> <span class='ocrx_word' id='word_1_255' title='bbox 1367 3741 1370 3744; x_wconf 14' lang='lat' dir='ltr'><strong>a</strong></span> 
     </span>
     <span class='ocr_line' id='line_1_29' title="bbox 124 3799 1311 3892; baseline 0.003 -26"><span class='ocrx_word' id='word_1_256' title='bbox 124 3801 164 3868; x_wconf 90' lang='lat' dir='ltr'><strong>ad</strong></span> <span class='ocrx_word' id='word_1_257' title='bbox 196 3824 304 3866; x_wconf 88' lang='lat' dir='ltr'><strong>omnes</strong></span> <span class='ocrx_word' id='word_1_258' title='bbox 335 3822 425 3865; x_wconf 89' lang='lat' dir='ltr'><strong>casus</strong></span> <span class='ocrx_word' id='word_1_259' title='bbox 452 3811 582 3888; x_wconf 80' lang='lat' dir='ltr'><strong>excepto</strong></span> <span class='ocrx_word' id='word_1_260' title='bbox 610 3800 747 3890; x_wconf 78' lang='lat' dir='ltr'><strong>genitivo</strong></span> <span class='ocrx_word' id='word_1_261' title='bbox 773 3800 890 3890; x_wconf 90' lang='lat' dir='ltr'><strong>plurali</strong></span> <span class='ocrx_word' id='word_1_262' title='bbox 919 3799 1116 3867; x_wconf 87' lang='lat' dir='ltr'><strong>indicandos.</strong></span> <span class='ocrx_word' id='word_1_263' title='bbox 1164 3800 1311 3892; x_wconf 81' lang='lat' dir='ltr'><strong>lienique</strong></span> 
     </span>
     <span class='ocr_line' id='line_1_30' title="bbox 124 3920 1309 4013; baseline 0 -24"><span class='ocrx_word' id='word_1_264' title='bbox 124 3922 210 3989; x_wconf 89' lang='lat' dir='ltr'><strong>baud</strong></span> <span class='ocrx_word' id='word_1_265' title='bbox 231 3923 276 3988; x_wconf 95' lang='lat' dir='ltr'><strong>ita</strong></span> <span class='ocrx_word' id='word_1_266' title='bbox 300 3932 445 3986; x_wconf 84' lang='lat' dir='ltr'><strong>constans</strong></span> <span class='ocrx_word' id='word_1_267' title='bbox 467 3920 606 3987; x_wconf 81' lang='lat' dir='ltr'><strong>versibus</strong></span> <span class='ocrx_word' id='word_1_268' title='bbox 629 3932 676 3986; x_wconf 89' lang='lat' dir='ltr'><strong>est</strong></span> <span class='ocrx_word' id='word_1_269' title='bbox 698 3942 866 3999; x_wconf 87' lang='lat' dir='ltr'><strong>mensura,</strong></span> <span class='ocrx_word' id='word_1_270' title='bbox 898 3932 1061 4010; x_wconf 89' lang='lat' dir='ltr'><strong>praeterea</strong></span> <span class='ocrx_word' id='word_1_271' title='bbox 1085 3920 1171 4010; x_wconf 92' lang='lat' dir='ltr'><strong>quod</strong></span> <span class='ocrx_word' id='word_1_272' title='bbox 1193 3924 1309 4013; x_wconf 89' lang='lat' dir='ltr'><strong>passim</strong></span> 
     </span>
     <span class='ocr_line' id='line_1_31' title="bbox 124 4040 1308 4132; baseline 0.001 -24"><span class='ocrx_word' id='word_1_273' title='bbox 124 4043 180 4109; x_wconf 93' lang='lat' dir='ltr'><strong>ubi</strong></span> <span class='ocrx_word' id='word_1_274' title='bbox 210 4065 291 4108; x_wconf 86' lang='lat' dir='ltr'><strong>nora</strong></span> <span class='ocrx_word' id='word_1_275' title='bbox 323 4053 391 4108; x_wconf 88' lang='lat' dir='ltr'><strong>arat</strong></span> <span class='ocrx_word' id='word_1_276' title='bbox 418 4040 597 4108; x_wconf 89' lang='lat' dir='ltr'><strong>inchoanda</strong></span> <span class='ocrx_word' id='word_1_277' title='bbox 626 4041 800 4121; x_wconf 89' lang='lat' dir='ltr'><strong>sententia,</strong></span> <span class='ocrx_word' id='word_1_278' title='bbox 830 4040 977 4108; x_wconf 90' lang='lat' dir='ltr'><strong>librarius</strong></span> <span class='ocrx_word' id='word_1_279' title='bbox 1005 4042 1172 4132; x_wconf 87' lang='lat' dir='ltr'><strong>superioris</strong></span> <span class='ocrx_word' id='word_1_280' title='bbox 1203 4066 1308 4109; x_wconf 81' lang='lat' dir='ltr'><strong>versus</strong></span> 
     </span>
    </p>
   </div>
   <div class='ocr_carea' id='block_1_5' title="bbox 123 4217 307 4237">
    <p class='ocr_par' dir='ltr' id='par_1_6' title="bbox 123 4217 307 4237">
     <span class='ocr_line' id='line_1_32' title="bbox 123 4217 307 4237; baseline 0.005 -1"><span class='ocrx_word' id='word_1_281' title='bbox 123 4217 307 4237; x_wconf 46' lang='grc' dir='ltr'>*ἀι-ι-</span> 
     </span>
    </p>
   </div>
   <div class='ocr_carea' id='block_1_6' title="bbox 124 4329 1307 4573">
    <p class='ocr_par' dir='ltr' id='par_1_7' title="bbox 124 4329 1307 4573">
     <span class='ocr_line' id='line_1_33' title="bbox 159 4329 1307 4397; baseline 0.009 -19"><span class='ocrx_word' id='word_1_282' title='bbox 159 4330 185 4393; x_wconf 87' lang='grc'><strong>1)</strong></span> <span class='ocrx_word' id='word_1_283' title='bbox 201 4329 387 4397; x_wconf 83' lang='lat' dir='ltr'><strong>Pole‘ographie</strong></span> <span class='ocrx_word' id='word_1_284' title='bbox 406 4329 560 4382; x_wconf 84' lang='lat' dir='ltr'><strong>universalia</strong></span> <span class='ocrx_word' id='word_1_285' title='bbox 573 4346 606 4382; x_wconf 93' lang='lat' dir='ltr'><strong>ou</strong></span> <span class='ocrx_word' id='word_1_286' title='bbox 620 4329 761 4384; x_wconf 77' lang='lat' dir='ltr'><strong>collection</strong></span> <span class='ocrx_word' id='word_1_287' title='bbox 774 4335 806 4385; x_wconf 85' lang='lat' dir='ltr'><strong>da</strong></span> <span class='ocrx_word' id='word_1_288' title='bbox 820 4331 972 4385; x_wconf 77' lang='lat' dir='ltr'><strong>Fac-Simile</strong></span> <span class='ocrx_word' id='word_1_289' title='bbox 988 4334 1135 4386; x_wconf 85' lang='lat' dir='ltr'><strong>d&#39;e&#39;critures</strong></span> <span class='ocrx_word' id='word_1_290' title='bbox 1150 4335 1182 4387; x_wconf 87' lang='lat' dir='ltr'><strong>de</strong></span> <span class='ocrx_word' id='word_1_291' title='bbox 1196 4341 1252 4386; x_wconf 84' lang='lat' dir='ltr'><strong>tous</strong></span> <span class='ocrx_word' id='word_1_292' title='bbox 1269 4336 1307 4388; x_wconf 89' lang='lat' dir='ltr'><strong>les</strong></span> 
     </span>
     <span class='ocr_line' id='line_1_34' title="bbox 124 4415 1307 4485; baseline 0.004 -18"><span class='ocrx_word' id='word_1_293' title='bbox 124 4417 226 4481; x_wconf 82' lang='lat' dir='ltr'><strong>pauplea</strong></span> <span class='ocrx_word' id='word_1_294' title='bbox 239 4423 265 4467; x_wconf 85' lang='lat' dir='ltr'><strong>et</strong></span> <span class='ocrx_word' id='word_1_295' title='bbox 280 4418 313 4468; x_wconf 85' lang='lat' dir='ltr'><strong>de</strong></span> <span class='ocrx_word' id='word_1_296' title='bbox 329 4423 385 4467; x_wconf 85' lang='lat' dir='ltr'><strong>tous</strong></span> <span class='ocrx_word' id='word_1_297' title='bbox 399 4415 437 4466; x_wconf 85' lang='lat' dir='ltr'><strong>les</strong></span> <span class='ocrx_word' id='word_1_298' title='bbox 450 4421 544 4480; x_wconf 83' lang='lat' dir='ltr'><strong>temps,</strong></span> <span class='ocrx_word' id='word_1_299' title='bbox 561 4417 621 4467; x_wconf 75' lang='lat' dir='ltr'><strong>tirea</strong></span> <span class='ocrx_word' id='word_1_300' title='bbox 634 4419 678 4470; x_wconf 86' lang='lat' dir='ltr'><strong>des</strong></span> <span class='ocrx_word' id='word_1_301' title='bbox 691 4421 748 4485; x_wconf 83' lang='lat' dir='ltr'><strong>plus</strong></span> <span class='ocrx_word' id='word_1_302' title='bbox 762 4419 939 4485; x_wconf 84' lang='lat' dir='ltr'><strong>authentiques</strong></span> <span class='ocrx_word' id='word_1_303' title='bbox 955 4421 1102 4470; x_wconf 86' lang='lat' dir='ltr'><strong>documenta</strong></span> <span class='ocrx_word' id='word_1_304' title='bbox 1117 4421 1161 4472; x_wconf 87' lang='lat' dir='ltr'><strong>das</strong></span> <span class='ocrx_word' id='word_1_305' title='bbox 1175 4421 1307 4473; x_wconf 77' lang='lat' dir='ltr'><strong>bibliothe-</strong></span> 
     </span>
     <span class='ocr_line' id='line_1_35' title="bbox 124 4502 1306 4573; baseline 0.006 -22"><span class='ocrx_word' id='word_1_306' title='bbox 124 4515 185 4566; x_wconf 87' lang='lat' dir='ltr'><strong>ques</strong></span> <span class='ocrx_word' id='word_1_307' title='bbox 201 4503 233 4553; x_wconf 88' lang='lat' dir='ltr'><strong>do</strong></span> <span class='ocrx_word' id='word_1_308' title='bbox 250 4502 362 4564; x_wconf 80' lang='lat' dir='ltr'><strong>Franco,</strong></span> <span class='ocrx_word' id='word_1_309' title='bbox 385 4502 500 4562; x_wconf 79' lang='lat' dir='ltr'><strong>d&#39;Italie,</strong></span> <span class='ocrx_word' id='word_1_310' title='bbox 523 4502 718 4570; x_wconf 85' lang='lat' dir='ltr'><strong>d&#39;Allemagne‚</strong></span> <span class='ocrx_word' id='word_1_311' title='bbox 739 4505 919 4573; x_wconf 77' lang='lat' dir='ltr'><strong>d&#39;Angleterre</strong></span> <span class='ocrx_word' id='word_1_312' title='bbox 936 4522 981 4572; x_wconf 88' lang='lat' dir='ltr'><strong>par</strong></span> <span class='ocrx_word' id='word_1_313' title='bbox 998 4506 1036 4557; x_wconf 90' lang='lat' dir='ltr'><strong>M.</strong></span> <span class='ocrx_word' id='word_1_314' title='bbox 1053 4505 1193 4567; x_wconf 82' lang='lat' dir='ltr'><strong>Silvestre,</strong></span> <span class='ocrx_word' id='word_1_315' title='bbox 1210 4522 1306 4558; x_wconf 87' lang='lat' dir='ltr'><strong>accom-</strong></span> 
     </span>
    </p>
   </div>
   <div class='ocr_carea' id='block_1_7' title="bbox 123 4587 1306 4727">
    <p class='ocr_par' dir='ltr' id='par_1_8' title="bbox 123 4587 1306 4727">
     <span class='ocr_line' id='line_1_36' title="bbox 123 4587 1306 4659; baseline 0.003 -19"><span class='ocrx_word' id='word_1_316' title='bbox 123 4587 218 4654; x_wconf 69' lang='lat' dir='ltr'><strong>pagnes</strong></span> <span class='ocrx_word' id='word_1_317' title='bbox 238 4588 431 4654; x_wconf 83' lang='lat' dir='ltr'><strong>d&#39;explications</strong></span> <span class='ocrx_word' id='word_1_318' title='bbox 447 4588 608 4655; x_wconf 69' lang='lat' dir='ltr'><strong>descriptivcs</strong></span> <span class='ocrx_word' id='word_1_319' title='bbox 624 4605 669 4656; x_wconf 87' lang='lat' dir='ltr'><strong>par</strong></span> <span class='ocrx_word' id='word_1_320' title='bbox 687 4590 865 4659; x_wconf 72' lang='lat' dir='ltr'><strong>champollion</strong></span> <span class='ocrx_word' id='word_1_321' title='bbox 881 4591 974 4659; x_wconf 75' lang='lat' dir='ltr'><strong>rigere</strong></span> <span class='ocrx_word' id='word_1_322' title='bbox 992 4598 1017 4645; x_wconf 86' lang='lat' dir='ltr'><strong>et</strong></span> <span class='ocrx_word' id='word_1_323' title='bbox 1033 4591 1111 4646; x_wconf 74' lang='lat' dir='ltr'><strong>Aime</strong></span> <span class='ocrx_word' id='word_1_324' title='bbox 1127 4591 1306 4658; x_wconf 73' lang='lat' dir='ltr'><strong>champollion</strong></span> 
     </span>
     <span class='ocr_line' id='line_1_37' title="bbox 123 4673 382 4727; baseline 0.015 -4"><span class='ocrx_word' id='word_1_325' title='bbox 123 4673 170 4725; x_wconf 82' lang='lat' dir='ltr'><strong>fils.</strong></span> <span class='ocrx_word' id='word_1_326' title='bbox 203 4675 286 4726; x_wconf 82' lang='lat' dir='ltr'><strong>Puris.</strong></span> <span class='ocrx_word' id='word_1_327' title='bbox 297 4675 382 4727; x_wconf 84' lang='lat' dir='ltr'><strong>Didot.</strong></span> 
     </span>
    </p>
   </div>
   <div class='ocr_carea' id='block_1_8' title="bbox 0 0 1478 5182">
    <p class='ocr_par' dir='ltr' id='par_1_9' title="bbox 0 0 1478 5182">
     <span class='ocr_line' id='line_1_38' title="bbox 0 0 1478 5182; baseline 0 0"><span class='ocrx_word' id='word_1_328' title='bbox 0 0 1478 5182; x_wconf 95' lang='lat' dir='ltr'><strong> </strong></span> 
     </span>
    </p>
   </div>
  </div>
 </body>
</html>
