2946 5182
606 371 867 420 nnnaoarrorns.
1263 359 1322 422 181

135 550 168 604 et
200 539 300 604 Mario
329 540 445 606 milites
478 540 517 605 ad
548 543 593 609 M.
628 541 803 608 Antonium
833 541 1060 621 occidendum,
1093 566 1234 632 sermone
1256 547 1324 612 eius

138 659 367 750 obstupefacti,
404 661 566 728 destrictos
600 665 663 728 iam
699 663 818 753 gladios
850 665 1094 743 continuerunt,
1128 664 1241 753 quibus
1266 666 1325 730 de·

135 785 273 871 gressis
306 783 341 847 P.
370 781 492 848 Annius
515 784 724 849 ministerium
747 785 868 873 peregit
880 807 914 863 ,n
939 808 1046 850 rerum
1071 785 1265 874 digressis,
1289 799 1325 852 ut

137 902 222 988 apud
254 903 416 968 Valerium
450 905 528 970 VIII
542 955 551 984 ,
584 909 604 970 9
630 909 647 989 S
673 910 692 968 2
717 904 875 970 emendati
899 903 1033 971 codices.
1082 907 1139 971 Est
1162 919 1267 972 autem
1291 908 1325 973 in

136 1023 242 1088 littera
274 1046 291 1087 e
323 1047 396 1089 eum
428 1028 444 1088 i
472 1024 690 1113 permiscenda
722 1024 868 1089 librarius
898 1037 1003 1090 noster
1030 1025 1123 1114 longe
1146 1024 1327 1114 diligentior

138 1167 235 1234 quam
265 1145 345 1210 alter
375 1145 428 1210 ille
457 1146 658 1236 pelempsesti
686 1145 837 1226 Tulliani3
864 1144 903 1212 de
926 1147 1026 1212 forma
1048 1146 1189 1211 Dareus
1212 1146 1278 1225 111,
1305 1150 1325 1210 2

139 1264 163 1354 S
201 1269 243 1330 26
280 1265 434 1354 disputari
466 1278 587 1355 potest,
623 1279 693 1331 tum
725 1266 806 1332 bene
839 1278 1016 1331 correctum
1046 1279 1091 1332 est
1121 1266 1183 1346 III,
1217 1273 1236 1332 3
1263 1269 1280 1350 §
1307 1271 1322 1330 1
1378 1238 1380 1247 ‚

139 1385 301 1451 Porsena
331 1410 388 1476 pro
425 1390 458 1465 i,
492 1399 588 1477 atque
611 1400 735 1476 praeter
759 1388 860 1467 locos,
886 1411 964 1476 quos
985 1386 1054 1454 vide
1075 1389 1108 1452 in
1131 1385 1324 1466 Collatione,

138 1505 194 1572 hic
225 1519 347 1572 notasse
375 1507 510 1573 sufficiat
544 1508 592 1586 V,
620 1511 639 1572 4
669 1505 753 1594 S7,
778 1507 833 1572 ubi
865 1508 966 1573 Maius
989 1508 1075 1574 dedit
1099 1533 1120 1572 a
1130 1532 1186 1597 per
1208 1507 1327 1574 medios

140 1629 282 1715 ignis,>›
304 1628 426 1693 etiamsi
449 1629 483 1693 in
507 1627 614 1693 codice
635 1640 720 1692 recte
743 1627 859 1716 legitur
882 1631 991 1717 ignes.
1031 1629 1149 1718 Lapsus
1168 1642 1214 1695 est
1238 1629 1328 1694 deni·

139 1770 202 1836 que
234 1749 267 1812 in
298 1747 409 1813 iisdem
438 1747 550 1813 litteris
584 1761 742 1813 corrector
770 1748 934 1814 scribendo
959 1753 992 1827 i,
1018 1750 1074 1814 uhi
1095 1750 1193 1829 VIII,
1219 1754 1238 1814 9
1263 1756 1280 1836 §
1307 1754 1326 1814 4

137 1870 242 1958 prima
272 1892 385 1934 manns
414 1868 562 1934 dederat:
613 1869 779 1935 «Pericles
808 1871 987 1935 intantum
1010 1871 1123 1936 enituit
1146 1871 1326 1960 eloquentia

138 2002 195 2069 ut,
229 2009 302 2054 cum
332 2012 350 2052 a
379 1989 516 2077 quodam
545 2012 618 2054 sene
647 1990 681 2054 in
706 1990 852 2055 contione
878 1988 1003 2056 auditus
1026 2003 1125 2068 esset,
1150 2013 1214 2055 non
1238 1989 1327 2055 dissi-

139 2110 226 2174 milis
248 2109 300 2175 hic
324 2110 462 2189 diceret,
486 2110 740 2189 Athenienses,
765 2111 956 2176 Pisistrati.»

185 2230 269 2296 Male
299 2231 435 2319 irrepere
468 2253 575 2319 passus
606 2242 652 2295 est
684 2230 785 2296 editor
807 2230 946 2296 litteram
970 2254 992 2294 u
1016 2229 1086 2296 Lib.
1113 2231 1176 2310 IX,
1203 2228 1280 2320 Gap.
1309 2234 1324 2295 1
1368 2312 1370 2319 ⁴

140 2354 160 2436 3
185 2355 223 2415 7:
273 2349 465 2415 «Gemellus
499 2350 686 2416 tribunicius
709 2352 810 2416 uiator
833 2351 1023 2440 flagitiosum
1048 2352 1226 2417 convivium
1252 2374 1328 2416 con·

141 2471 262 2535 sulibus
294 2493 331 2536 ac
363 2471 498 2536 tribunis
521 2470 622 2560 plebis
646 2473 846 2561 conparavit,
871 2471 1018 2561 lupanari
1042 2471 1158 2536 domui
1181 2496 1255 2538 suae
1278 2475 1329 2538 in-

143 2592 290 2656 stituto.»
338 2591 421 2680 Lege
446 2591 539 2682 dorni
562 2604 597 2657 ut
620 2591 704 2681 apud
726 2592 797 2657 val.
823 2592 889 2671 IX,
916 2597 931 2657 1
960 2590 984 2681 S
1008 2595 1041 2658 8.

189 2710 301 2801 Gapite
333 2736 398 2800 seq.
430 2712 453 2800 S
485 2717 526 2777 14
557 2712 653 2778 codex
678 2736 751 2778 eum
775 2712 900 2777 Valerio
925 2712 991 2790 IX,
1017 2717 1036 2775 2
1059 2713 1130 2777 Eat.
1158 2709 1181 2798 S
1208 2717 1227 2777 4
1251 2735 1328 2778 con·

140 2834 237 2922 spirat
268 2833 300 2896 in
333 2834 487 2922 scriptura
508 2833 740 2922 Diogyridis,
766 2833 805 2898 de
830 2855 892 2921 quo
919 2831 1070 2898 Thraciae
1093 2833 1174 2922 regis
1198 2835 1328 2899 nomine

140 2953 338 3043 disputatur,
364 2954 418 3019 sed
443 2978 507 3019 non
531 2966 598 3020 eret
623 2977 679 3019 cur
703 2977 777 3018 cum
801 2976 842 3017 rr
866 2953 1077 3022 scriberetur„

186 3073 297 3139 Notari
336 3085 437 3163 potest
469 3072 606 3140 secunde
646 3096 757 3138 manus
792 3073 877 3161 qnod
913 3073 1077 3162 adscripsit
1113 3072 1330 3164 deliciasque

142 3202 301 3258 evocaret
324 3192 390 3271 IX,
419 3197 430 3258 1
461 3192 484 3281 S
509 3198 528 3258 9
555 3193 593 3257 ad
618 3193 737 3258 Paridis
761 3193 856 3259 verba
884 3192 1076 3283 «Campana
1099 3193 1222 3259 luxuria
1242 3206 1330 3259 tanta

142 3316 222 3393 fuit,
256 3326 291 3378 ut
323 3314 476 3379 invictum
508 3315 601 3379 armis
632 3313 844 3380 Hannibalem
875 3313 915 3378 ad
945 3336 1090 3380 somnum
1122 3314 1331 3380 deliciarum

143 3436 378 3512 resolveret‚»
411 3447 550 3501 attamen
581 3436 722 3501 nondum
748 3435 848 3502 audeo
872 3437 930 3502 ista
955 3433 1060 3501 Paridi
1083 3435 1232 3515 reddere,
1256 3459 1331 3501 nam

143 3555 333 3645 respondent
366 3555 496 3643 quidem
529 3558 704 3623 accuratius
729 3557 853 3623 Valerio
876 3557 943 3635 IX,
971 3560 985 3620 1
1014 3558 1085 3621 Est.
1111 3554 1134 3643 3
1162 3561 1196 3634 l,
1222 3579 1331 3621 verum

143 3678 226 3742 hanc
257 3677 357 3765 ipsam
389 3676 429 3740 ob
461 3699 588 3743 causam
614 3679 669 3743 illa
693 3702 758 3743 non
782 3701 818 3744 er
842 3701 879 3743 eo
903 3689 1049 3766 excerpta
1072 3675 1125 3742 sed
1148 3700 1185 3740 ex
1208 3677 1331 3766 integro

144 3797 262 3862 Valerii
291 3795 399 3861 codiee
427 3797 613 3863 crediderim
649 3798 804 3887 descripta
840 3821 857 3862 a
892 3796 1029 3875 lectore,
1066 3797 1119 3862 cui
1142 3795 1235 3862 libuit
1258 3821 1331 3888 pas-

143 3920 201 3983 sim
224 3919 257 3982 in
280 3916 341 3981 hoc
364 3915 444 3982 libro
469 3917 514 3982 IX
537 3918 926 4008 supplereahhreviatoris
949 3917 1064 3988 rerba„
1091 3915 1208 3983 Sedulo
1228 3920 1333 3986 Maius

143 4040 258 4128 sprevit
291 4039 350 4102 ista
382 4038 614 4119 additamenta,
649 4063 730 4129 quae
761 4040 795 4106 in
828 4037 1004 4105 Collatione
1032 4038 1171 4104 invenies
1200 4053 1331 4120 notata,

142 4172 267 4248 praeter
298 4182 394 4247 quam
426 4160 510 4247 quod
535 4160 598 4226 duo
621 4161 715 4226 rerba
737 4162 769 4224 in
789 4172 910 4224 textum
929 4159 1083 4248 receperit
1101 4159 1176 4249 Cap.
1199 4166 1219 4225 3
1240 4159 1263 4249 S
1286 4165 1329 4241 2,

146 4302 227 4368 quae
266 4278 455 4366 epitomator
479 4281 526 4344 vir
548 4282 651 4370 potuit
674 4281 885 4370 supprimere:
935 4278 1005 4345 «G.
1032 4279 1161 4369 Figulus
1183 4282 1330 4346 consula-

143 4413 213 4464 tum
244 4422 307 4464 non
340 4399 485 4489 adeptus,
518 4424 590 4466 cnm
623 4402 662 4465 ad
691 4424 765 4467 enm
789 4400 974 4467 consulendi
997 4423 1089 4466 causa
1112 4403 1205 4467 multi
1229 4403 1328 4468 renis-

144 4533 232 4598 sent,
267 4543 380 4585 omnes
412 4520 551 4586 dimisit
581 4523 625 4588 sic
655 4524 829 4613 praefatus:
870 4546 910 4589 an
944 4546 997 4589 ros
1030 4522 1192 4588 consulere
1224 4522 1330 4602 scitis,
1414 4603 1417 4609 Ι

145 4640 306 4707 consulem
329 4644 433 4708 facere
458 4643 634 4709 nescitis?»
670 4643 786 4711 Contra
812 4644 918 4712 deesse
940 4657 1042 4733 potest
1063 4644 1193 4711 verbum
1209 4645 1242 4709 in
1254 4667 1330 4733 per·
