<?xml version="1.0" encoding="UTF-8"?>
<!DOCTYPE html PUBLIC "-//W3C//DTD XHTML 1.0 Transitional//EN"
    "http://www.w3.org/TR/xhtml1/DTD/xhtml1-transitional.dtd">
<html xmlns="http://www.w3.org/1999/xhtml" xml:lang="en" lang="en">
 <head>
  <title>
</title>
<meta http-equiv="Content-Type" content="text/html;charset=utf-8" />
  <meta name='ocr-system' content='tesseract 3.04.00' />
  <meta name='ocr-capabilities' content='ocr_page ocr_carea ocr_par ocr_line ocrx_word'/>
</head>
<body>
  <div class='ocr_page' id='page_1' title='image "./schedaevaticana01rieugoog_0176.png"; bbox 0 0 2946 5182; ppageno 0'>
   <div class='ocr_carea' id='block_1_1' title="bbox 585 362 1309 423">
    <p class='ocr_par' dir='ltr' id='par_1_1' title="bbox 585 362 1309 423">
     <span class='ocr_line' id='line_1_1' title="bbox 585 362 1309 423; baseline 0.004 -3"><span class='ocrx_word' id='word_1_1' title='bbox 585 375 848 422; x_wconf 79' lang='lat' dir='ltr'><strong>ruruuarromts.</strong></span> <span class='ocrx_word' id='word_1_2' title='bbox 1250 362 1309 423; x_wconf 82' lang='lat'><strong>157</strong></span> 
     </span>
    </p>
   </div>
   <div class='ocr_carea' id='block_1_2' title="bbox 111 542 1313 1817">
    <p class='ocr_par' dir='ltr' id='par_1_2' title="bbox 119 542 1308 636">
     <span class='ocr_line' id='line_1_2' title="bbox 119 542 1308 636; baseline 0.003 -30"><span class='ocrx_word' id='word_1_3' title='bbox 119 551 290 631; x_wconf 75' lang='lat' dir='ltr'><strong>sequatur·</strong></span> <span class='ocrx_word' id='word_1_4' title='bbox 313 542 460 608; x_wconf 81' lang='lat' dir='ltr'><strong>exhibere</strong></span> <span class='ocrx_word' id='word_1_5' title='bbox 482 544 644 624; x_wconf 81' lang='lat' dir='ltr'><strong>codicem,</strong></span> <span class='ocrx_word' id='word_1_6' title='bbox 669 569 743 611; x_wconf 87' lang='lat' dir='ltr'><strong>narn</strong></span> <span class='ocrx_word' id='word_1_7' title='bbox 765 545 896 636; x_wconf 92' lang='lat' dir='ltr'><strong>pluralis</strong></span> <span class='ocrx_word' id='word_1_8' title='bbox 920 568 1069 611; x_wconf 88' lang='lat' dir='ltr'><strong>uumerus</strong></span> <span class='ocrx_word' id='word_1_9' title='bbox 1091 557 1174 610; x_wconf 90' lang='lat' dir='ltr'><strong>recte</strong></span> <span class='ocrx_word' id='word_1_10' title='bbox 1200 558 1308 611; x_wconf 79' lang='lat' dir='ltr'><strong>exstat.</strong></span> 
     </span>
    </p>

    <p class='ocr_par' dir='ltr' id='par_1_3' title="bbox 120 663 1312 1118">
     <span class='ocr_line' id='line_1_3' title="bbox 168 663 1311 756; baseline 0.003 -28"><span class='ocrx_word' id='word_1_11' title='bbox 168 664 260 752; x_wconf 82' lang='lat' dir='ltr'><strong>Quod</strong></span> <span class='ocrx_word' id='word_1_12' title='bbox 291 663 368 729; x_wconf 89' lang='lat' dir='ltr'><strong>ibid.</strong></span> <span class='ocrx_word' id='word_1_13' title='bbox 394 687 423 729; x_wconf 89' lang='lat' dir='ltr'><strong>r.</strong></span> <span class='ocrx_word' id='word_1_14' title='bbox 453 669 493 730; x_wconf 81' lang='lat'><strong>19</strong></span> <span class='ocrx_word' id='word_1_15' title='bbox 520 664 656 731; x_wconf 85' lang='lat' dir='ltr'><strong>Orellius</strong></span> <span class='ocrx_word' id='word_1_16' title='bbox 679 665 841 756; x_wconf 85' lang='lat' dir='ltr'><strong>proposuit</strong></span> <span class='ocrx_word' id='word_1_17' title='bbox 865 664 1048 731; x_wconf 82' lang='lat' dir='ltr'><strong>dubitanter</strong></span> <span class='ocrx_word' id='word_1_18' title='bbox 1064 667 1311 755; x_wconf 76' lang='lat' dir='ltr'><strong>protendimus</strong></span> 
     </span>
     <span class='ocr_line' id='line_1_4' title="bbox 120 784 1311 867; baseline 0.003 -18"><span class='ocrx_word' id='word_1_19' title='bbox 120 787 153 850; x_wconf 91' lang='lat' dir='ltr'><strong>in</strong></span> <span class='ocrx_word' id='word_1_20' title='bbox 185 786 250 851; x_wconf 92' lang='lat' dir='ltr'><strong>his:</strong></span> <span class='ocrx_word' id='word_1_21' title='bbox 302 784 568 851; x_wconf 76' lang='lat' dir='ltr'><strong>«summittimus</strong></span> <span class='ocrx_word' id='word_1_22' title='bbox 596 810 728 866; x_wconf 90' lang='lat' dir='ltr'><strong>manus,</strong></span> <span class='ocrx_word' id='word_1_23' title='bbox 760 788 821 853; x_wconf 88' lang='lat' dir='ltr'><strong>sive</strong></span> <span class='ocrx_word' id='word_1_24' title='bbox 845 786 1009 852; x_wconf 87' lang='lat' dir='ltr'><strong>adorantes</strong></span> <span class='ocrx_word' id='word_1_25' title='bbox 1033 786 1223 867; x_wconf 87' lang='lat' dir='ltr'><strong>attollimus,</strong></span> <span class='ocrx_word' id='word_1_26' title='bbox 1249 789 1311 854; x_wconf 85' lang='lat' dir='ltr'><strong>sire</strong></span> 
     </span>
     <span class='ocr_line' id='line_1_5' title="bbox 121 899 1312 1000; baseline 0.003 -30"><span class='ocrx_word' id='word_1_27' title='bbox 121 907 227 995; x_wconf 88' lang='lat' dir='ltr'><strong>aliqua</strong></span> <span class='ocrx_word' id='word_1_28' title='bbox 260 906 526 972; x_wconf 82' lang='lat' dir='ltr'><strong>demonstratione</strong></span> <span class='ocrx_word' id='word_1_29' title='bbox 549 921 602 972; x_wconf 89' lang='lat' dir='ltr'><strong>aut</strong></span> <span class='ocrx_word' id='word_1_30' title='bbox 627 909 825 974; x_wconf 82' lang='lat' dir='ltr'><strong>invocatione</strong></span> <span class='ocrx_word' id='word_1_31' title='bbox 841 899 1154 1000; x_wconf 50' lang='lat' dir='ltr'><strong>praetendimus»</strong></span> <span class='ocrx_word' id='word_1_32' title='bbox 1178 907 1238 976; x_wconf 89' lang='lat' dir='ltr'><strong>hoc</strong></span> <span class='ocrx_word' id='word_1_33' title='bbox 1262 911 1312 973; x_wconf 91' lang='lat' dir='ltr'><strong>in-</strong></span> 
     </span>
     <span class='ocr_line' id='line_1_6' title="bbox 123 1028 1287 1118; baseline 0.003 -26"><span class='ocrx_word' id='word_1_34' title='bbox 123 1050 218 1117; x_wconf 90' lang='lat' dir='ltr'><strong>quam</strong></span> <span class='ocrx_word' id='word_1_35' title='bbox 244 1028 345 1093; x_wconf 85' lang='lat' dir='ltr'><strong>Maius</strong></span> <span class='ocrx_word' id='word_1_36' title='bbox 368 1028 443 1094; x_wconf 90' lang='lat' dir='ltr'><strong>dare</strong></span> <span class='ocrx_word' id='word_1_37' title='bbox 467 1029 635 1118; x_wconf 89' lang='lat' dir='ltr'><strong>potuisset,</strong></span> <span class='ocrx_word' id='word_1_38' title='bbox 664 1028 835 1094; x_wconf 91' lang='lat' dir='ltr'><strong>dummodo</strong></span> <span class='ocrx_word' id='word_1_39' title='bbox 859 1029 1024 1094; x_wconf 89' lang='lat' dir='ltr'><strong>librarium</strong></span> <span class='ocrx_word' id='word_1_40' title='bbox 1048 1041 1127 1095; x_wconf 90' lang='lat' dir='ltr'><strong>esset</strong></span> <span class='ocrx_word' id='word_1_41' title='bbox 1150 1042 1287 1096; x_wconf 87' lang='lat' dir='ltr'><strong>secutus.</strong></span> 
     </span>
    </p>

    <p class='ocr_par' dir='ltr' id='par_1_4' title="bbox 111 1146 1313 1817">
     <span class='ocr_line' id='line_1_7' title="bbox 169 1146 1309 1240; baseline 0.001 -26"><span class='ocrx_word' id='word_1_42' title='bbox 169 1147 338 1238; x_wconf 85' lang='lat' dir='ltr'><strong>Superest,</strong></span> <span class='ocrx_word' id='word_1_43' title='bbox 365 1161 398 1213; x_wconf 93' lang='lat' dir='ltr'><strong>ut</strong></span> <span class='ocrx_word' id='word_1_44' title='bbox 421 1149 533 1214; x_wconf 86' lang='lat' dir='ltr'><strong>ritium</strong></span> <span class='ocrx_word' id='word_1_45' title='bbox 556 1149 666 1214; x_wconf 90' lang='lat' dir='ltr'><strong>tollam</strong></span> <span class='ocrx_word' id='word_1_46' title='bbox 678 1150 712 1214; x_wconf 92' lang='lat' dir='ltr'><strong>in</strong></span> <span class='ocrx_word' id='word_1_47' title='bbox 726 1146 805 1240; x_wconf 80' lang='lat' dir='ltr'><strong>Cap.</strong></span> <span class='ocrx_word' id='word_1_48' title='bbox 820 1149 910 1214; x_wconf 82' lang='lat' dir='ltr'><strong>XXV</strong></span> <span class='ocrx_word' id='word_1_49' title='bbox 924 1149 962 1215; x_wconf 93' lang='lat' dir='ltr'><strong>de</strong></span> <span class='ocrx_word' id='word_1_50' title='bbox 975 1151 1216 1230; x_wconf 84' lang='lat' dir='ltr'><strong>exercitatione,</strong></span> <span class='ocrx_word' id='word_1_51' title='bbox 1237 1174 1309 1240; x_wconf 75' lang='lat' dir='ltr'><strong>pag.</strong></span> 
     </span>
     <span class='ocr_line' id='line_1_8' title="bbox 124 1270 1312 1360; baseline 0.003 -27"><span class='ocrx_word' id='word_1_52' title='bbox 124 1273 188 1334; x_wconf 70' lang='grc'><strong>161</strong></span> <span class='ocrx_word' id='word_1_53' title='bbox 221 1294 250 1334; x_wconf 87' lang='grc'><strong>1.</strong></span> <span class='ocrx_word' id='word_1_54' title='bbox 283 1276 320 1334; x_wconf 91' lang='lat'><strong>1:</strong></span> <span class='ocrx_word' id='word_1_55' title='bbox 372 1270 511 1350; x_wconf 86' lang='lat' dir='ltr'><strong>«Haec,</strong></span> <span class='ocrx_word' id='word_1_56' title='bbox 545 1293 626 1358; x_wconf 90' lang='lat' dir='ltr'><strong>quae</strong></span> <span class='ocrx_word' id='word_1_57' title='bbox 653 1293 747 1359; x_wconf 92' lang='lat' dir='ltr'><strong>supra</strong></span> <span class='ocrx_word' id='word_1_58' title='bbox 778 1270 862 1337; x_wconf 88' lang='lat' dir='ltr'><strong>dicta</strong></span> <span class='ocrx_word' id='word_1_59' title='bbox 891 1283 983 1349; x_wconf 90' lang='lat' dir='ltr'><strong>sunt,</strong></span> <span class='ocrx_word' id='word_1_60' title='bbox 1017 1282 1048 1336; x_wconf 92' lang='lat' dir='ltr'><strong>et</strong></span> <span class='ocrx_word' id='word_1_61' title='bbox 1076 1294 1175 1360; x_wconf 88' lang='lat' dir='ltr'><strong>quum</strong></span> <span class='ocrx_word' id='word_1_62' title='bbox 1199 1284 1312 1336; x_wconf 93' lang='lat' dir='ltr'><strong>natura</strong></span> 
     </span>
     <span class='ocr_line' id='line_1_9' title="bbox 122 1388 1313 1480; baseline 0.003 -26"><span class='ocrx_word' id='word_1_63' title='bbox 122 1388 308 1455; x_wconf 80' lang='lat' dir='ltr'><strong>obvenerint</strong></span> <span class='ocrx_word' id='word_1_64' title='bbox 339 1403 370 1455; x_wconf 92' lang='lat' dir='ltr'><strong>et</strong></span> <span class='ocrx_word' id='word_1_65' title='bbox 403 1402 468 1456; x_wconf 93' lang='lat' dir='ltr'><strong>arte</strong></span> <span class='ocrx_word' id='word_1_66' title='bbox 500 1390 618 1456; x_wconf 89' lang='lat' dir='ltr'><strong>fuerint</strong></span> <span class='ocrx_word' id='word_1_67' title='bbox 652 1391 844 1479; x_wconf 79' lang='lat' dir='ltr'><strong>excogitata,</strong></span> <span class='ocrx_word' id='word_1_68' title='bbox 877 1390 915 1455; x_wconf 91' lang='lat' dir='ltr'><strong>ad</strong></span> <span class='ocrx_word' id='word_1_69' title='bbox 946 1391 1073 1480; x_wconf 87' lang='lat' dir='ltr'><strong>plenam</strong></span> <span class='ocrx_word' id='word_1_70' title='bbox 1104 1405 1210 1458; x_wconf 90' lang='lat' dir='ltr'><strong>tamen</strong></span> <span class='ocrx_word' id='word_1_71' title='bbox 1235 1417 1313 1458; x_wconf 81' lang='lat' dir='ltr'><strong>con-</strong></span> 
     </span>
     <span class='ocr_line' id='line_1_10' title="bbox 111 1511 1313 1601; baseline 0.004 -27"><span class='ocrx_word' id='word_1_72' title='bbox 111 1512 355 1598; x_wconf 78' lang='lat' dir='ltr'><strong>firmationem</strong></span> <span class='ocrx_word' id='word_1_73' title='bbox 388 1512 477 1577; x_wconf 91' lang='lat' dir='ltr'><strong>nullo</strong></span> <span class='ocrx_word' id='word_1_74' title='bbox 512 1511 606 1576; x_wconf 92' lang='lat' dir='ltr'><strong>modo</strong></span> <span class='ocrx_word' id='word_1_75' title='bbox 640 1534 729 1601; x_wconf 92' lang='lat' dir='ltr'><strong>posse</strong></span> <span class='ocrx_word' id='word_1_76' title='bbox 758 1512 824 1576; x_wconf 90' lang='lat' dir='ltr'><strong>sine</strong></span> <span class='ocrx_word' id='word_1_77' title='bbox 856 1533 915 1576; x_wconf 90' lang='lat' dir='ltr'><strong>usu</strong></span> <span class='ocrx_word' id='word_1_78' title='bbox 946 1511 1115 1600; x_wconf 85' lang='lat' dir='ltr'><strong>perduci.»</strong></span> <span class='ocrx_word' id='word_1_79' title='bbox 1162 1514 1234 1580; x_wconf 92' lang='lat' dir='ltr'><strong>Non</strong></span> <span class='ocrx_word' id='word_1_80' title='bbox 1267 1527 1313 1579; x_wconf 90' lang='lat' dir='ltr'><strong>est</strong></span> 
     </span>
     <span class='ocr_line' id='line_1_11' title="bbox 123 1631 1313 1718; baseline 0.003 -23"><span class='ocrx_word' id='word_1_81' title='bbox 123 1632 418 1718; x_wconf 78' lang='lat' dir='ltr'><strong>confirmationem</strong></span> <span class='ocrx_word' id='word_1_82' title='bbox 442 1654 551 1697; x_wconf 87' lang='lat' dir='ltr'><strong>rerum</strong></span> <span class='ocrx_word' id='word_1_83' title='bbox 576 1631 866 1718; x_wconf 73' lang='lat' dir='ltr'><strong>consumationem</strong></span> <span class='ocrx_word' id='word_1_84' title='bbox 892 1631 1025 1697; x_wconf 88' lang='lat' dir='ltr'><strong>rerbum</strong></span> <span class='ocrx_word' id='word_1_85' title='bbox 1044 1657 1080 1698; x_wconf 85' lang='lat' dir='ltr'><strong>ex</strong></span> <span class='ocrx_word' id='word_1_86' title='bbox 1101 1635 1313 1718; x_wconf 79' lang='lat' dir='ltr'><strong>Quinctiliano</strong></span> 
     </span>
     <span class='ocr_line' id='line_1_12' title="bbox 124 1753 331 1817; baseline 0.005 -1"><span class='ocrx_word' id='word_1_87' title='bbox 124 1753 331 1817; x_wconf 91' lang='lat' dir='ltr'><strong>notissimum.</strong></span> 
     </span>
    </p>
   </div>
   <div class='ocr_carea' id='block_1_3' title="bbox 122 1994 1316 2932">
    <p class='ocr_par' dir='ltr' id='par_1_5' title="bbox 122 1994 1316 2932">
     <span class='ocr_line' id='line_1_13' title="bbox 170 1994 1313 2073; baseline 0.003 -14"><span class='ocrx_word' id='word_1_88' title='bbox 170 1994 290 2060; x_wconf 85' lang='lat' dir='ltr'><strong>Verum</strong></span> <span class='ocrx_word' id='word_1_89' title='bbox 322 1994 401 2060; x_wconf 92' lang='lat' dir='ltr'><strong>haec</strong></span> <span class='ocrx_word' id='word_1_90' title='bbox 436 1995 617 2060; x_wconf 89' lang='lat' dir='ltr'><strong>emendasse</strong></span> <span class='ocrx_word' id='word_1_91' title='bbox 650 1995 804 2073; x_wconf 87' lang='lat' dir='ltr'><strong>sufficiat,</strong></span> <span class='ocrx_word' id='word_1_92' title='bbox 840 2019 904 2060; x_wconf 90' lang='lat' dir='ltr'><strong>nou</strong></span> <span class='ocrx_word' id='word_1_93' title='bbox 940 1996 1025 2061; x_wconf 91' lang='lat' dir='ltr'><strong>enim</strong></span> <span class='ocrx_word' id='word_1_94' title='bbox 1051 1996 1131 2062; x_wconf 90' lang='lat' dir='ltr'><strong>mihi</strong></span> <span class='ocrx_word' id='word_1_95' title='bbox 1151 1998 1184 2061; x_wconf 91' lang='lat' dir='ltr'><strong>in</strong></span> <span class='ocrx_word' id='word_1_96' title='bbox 1209 2000 1313 2063; x_wconf 90' lang='lat' dir='ltr'><strong>animo</strong></span> 
     </span>
     <span class='ocr_line' id='line_1_14' title="bbox 123 2114 1313 2206; baseline 0.003 -25"><span class='ocrx_word' id='word_1_97' title='bbox 123 2128 191 2181; x_wconf 87' lang='lat' dir='ltr'><strong>erat</strong></span> <span class='ocrx_word' id='word_1_98' title='bbox 221 2117 416 2181; x_wconf 89' lang='lat' dir='ltr'><strong>coniecturas</strong></span> <span class='ocrx_word' id='word_1_99' title='bbox 447 2117 480 2180; x_wconf 91' lang='lat' dir='ltr'><strong>in</strong></span> <span class='ocrx_word' id='word_1_100' title='bbox 504 2115 586 2180; x_wconf 91' lang='lat' dir='ltr'><strong>lulio</strong></span> <span class='ocrx_word' id='word_1_101' title='bbox 611 2114 738 2180; x_wconf 82' lang='lat' dir='ltr'><strong>Victore</strong></span> <span class='ocrx_word' id='word_1_102' title='bbox 761 2138 958 2204; x_wconf 89' lang='lat' dir='ltr'><strong>proponere,</strong></span> <span class='ocrx_word' id='word_1_103' title='bbox 983 2129 1121 2206; x_wconf 89' lang='lat' dir='ltr'><strong>praestat</strong></span> <span class='ocrx_word' id='word_1_104' title='bbox 1144 2118 1239 2184; x_wconf 80' lang='lat' dir='ltr'><strong>verbo</strong></span> <span class='ocrx_word' id='word_1_105' title='bbox 1263 2121 1313 2184; x_wconf 92' lang='lat' dir='ltr'><strong>in·</strong></span> 
     </span>
     <span class='ocr_line' id='line_1_15' title="bbox 123 2236 1316 2325; baseline 0.004 -23"><span class='ocrx_word' id='word_1_106' title='bbox 123 2236 243 2313; x_wconf 87' lang='lat' dir='ltr'><strong>dicasse</strong></span> <span class='ocrx_word' id='word_1_107' title='bbox 277 2260 396 2302; x_wconf 91' lang='lat' dir='ltr'><strong>errores</strong></span> <span class='ocrx_word' id='word_1_108' title='bbox 436 2260 472 2302; x_wconf 85' lang='lat' dir='ltr'><strong>ex</strong></span> <span class='ocrx_word' id='word_1_109' title='bbox 507 2236 727 2325; x_wconf 90' lang='lat' dir='ltr'><strong>compendiosa</strong></span> <span class='ocrx_word' id='word_1_110' title='bbox 757 2237 910 2325; x_wconf 89' lang='lat' dir='ltr'><strong>scriptura</strong></span> <span class='ocrx_word' id='word_1_111' title='bbox 934 2249 1044 2317; x_wconf 91' lang='lat' dir='ltr'><strong>natos,</strong></span> <span class='ocrx_word' id='word_1_112' title='bbox 1080 2237 1148 2303; x_wconf 89' lang='lat' dir='ltr'><strong>aliis</strong></span> <span class='ocrx_word' id='word_1_113' title='bbox 1179 2239 1316 2306; x_wconf 89' lang='lat' dir='ltr'><strong>libenter</strong></span> 
     </span>
     <span class='ocr_line' id='line_1_16' title="bbox 122 2355 1315 2449; baseline 0.003 -25"><span class='ocrx_word' id='word_1_114' title='bbox 122 2359 217 2424; x_wconf 92' lang='lat' dir='ltr'><strong>huius</strong></span> <span class='ocrx_word' id='word_1_115' title='bbox 252 2358 384 2424; x_wconf 91' lang='lat' dir='ltr'><strong>rhetoris</strong></span> <span class='ocrx_word' id='word_1_116' title='bbox 419 2356 528 2421; x_wconf 78' lang='lat' dir='ltr'><strong>Artem</strong></span> <span class='ocrx_word' id='word_1_117' title='bbox 557 2355 788 2421; x_wconf 85' lang='lat' dir='ltr'><strong>emendandam</strong></span> <span class='ocrx_word' id='word_1_118' title='bbox 811 2356 977 2445; x_wconf 89' lang='lat' dir='ltr'><strong>relinquo,</strong></span> <span class='ocrx_word' id='word_1_119' title='bbox 1010 2358 1095 2446; x_wconf 91' lang='lat' dir='ltr'><strong>quod</strong></span> <span class='ocrx_word' id='word_1_120' title='bbox 1116 2384 1178 2449; x_wconf 90' lang='lat' dir='ltr'><strong>quo</strong></span> <span class='ocrx_word' id='word_1_121' title='bbox 1202 2362 1315 2428; x_wconf 92' lang='lat' dir='ltr'><strong>melius</strong></span> 
     </span>
     <span class='ocr_line' id='line_1_17' title="bbox 125 2476 1316 2572; baseline 0.005 -29"><span class='ocrx_word' id='word_1_122' title='bbox 125 2479 182 2543; x_wconf 87' lang='lat' dir='ltr'><strong>liat</strong></span> <span class='ocrx_word' id='word_1_123' title='bbox 190 2529 199 2559; x_wconf 92' lang='lat'><strong>,</strong></span> <span class='ocrx_word' id='word_1_124' title='bbox 224 2500 404 2568; x_wconf 82' lang='lat' dir='ltr'><strong>expromam</strong></span> <span class='ocrx_word' id='word_1_125' title='bbox 416 2478 575 2543; x_wconf 88' lang='lat' dir='ltr'><strong>Lectionis</strong></span> <span class='ocrx_word' id='word_1_126' title='bbox 589 2477 803 2556; x_wconf 82' lang='lat' dir='ltr'><strong>Varietatem,</strong></span> <span class='ocrx_word' id='word_1_127' title='bbox 826 2499 906 2566; x_wconf 89' lang='lat' dir='ltr'><strong>quae</strong></span> <span class='ocrx_word' id='word_1_128' title='bbox 920 2476 1063 2543; x_wconf 89' lang='lat' dir='ltr'><strong>addenda</strong></span> <span class='ocrx_word' id='word_1_129' title='bbox 1076 2492 1122 2545; x_wconf 87' lang='lat' dir='ltr'><strong>est</strong></span> <span class='ocrx_word' id='word_1_130' title='bbox 1135 2480 1183 2546; x_wconf 93' lang='lat' dir='ltr'><strong>illi</strong></span> <span class='ocrx_word' id='word_1_131' title='bbox 1191 2532 1200 2561; x_wconf 95' lang='lat'><strong>,</strong></span> <span class='ocrx_word' id='word_1_132' title='bbox 1219 2506 1316 2572; x_wconf 91' lang='lat' dir='ltr'><strong>quam</strong></span> 
     </span>
     <span class='ocr_line' id='line_1_18' title="bbox 124 2595 1314 2691; baseline 0.004 -26"><span class='ocrx_word' id='word_1_133' title='bbox 124 2602 158 2665; x_wconf 90' lang='lat' dir='ltr'><strong>in</strong></span> <span class='ocrx_word' id='word_1_134' title='bbox 183 2612 317 2688; x_wconf 90' lang='lat' dir='ltr'><strong>utraque</strong></span> <span class='ocrx_word' id='word_1_135' title='bbox 340 2599 484 2663; x_wconf 87' lang='lat' dir='ltr'><strong>Romana</strong></span> <span class='ocrx_word' id='word_1_136' title='bbox 508 2595 1206 2668; x_wconf 79' lang='grc'>111111111110111111111111111111111111111.</span> <span class='ocrx_word' id='word_1_137' title='bbox 1245 2605 1314 2691; x_wconf 80' lang='lat' dir='ltr'><strong>Qua</strong></span> 
     </span>
     <span class='ocr_line' id='line_1_19' title="bbox 122 2713 1314 2809; baseline 0.001 -23"><span class='ocrx_word' id='word_1_138' title='bbox 122 2723 156 2786; x_wconf 93' lang='lat' dir='ltr'><strong>in</strong></span> <span class='ocrx_word' id='word_1_139' title='bbox 181 2745 214 2786; x_wconf 92' lang='grc'><strong>11</strong></span> <span class='ocrx_word' id='word_1_140' title='bbox 238 2733 272 2786; x_wconf 91' lang='lat' dir='ltr'><strong>ut</strong></span> <span class='ocrx_word' id='word_1_141' title='bbox 296 2718 424 2786; x_wconf 88' lang='lat' dir='ltr'><strong>chartae</strong></span> <span class='ocrx_word' id='word_1_142' title='bbox 447 2741 596 2809; x_wconf 90' lang='lat' dir='ltr'><strong>parcam,</strong></span> <span class='ocrx_word' id='word_1_143' title='bbox 623 2719 778 2784; x_wconf 91' lang='lat' dir='ltr'><strong>rationem</strong></span> <span class='ocrx_word' id='word_1_144' title='bbox 802 2718 925 2783; x_wconf 89' lang='lat' dir='ltr'><strong>nullam</strong></span> <span class='ocrx_word' id='word_1_145' title='bbox 945 2713 1269 2787; x_wconf 69' lang='lat' dir='ltr'><strong>habebo‘discriminis</strong></span> <span class='ocrx_word' id='word_1_146' title='bbox 1281 2724 1314 2788; x_wconf 94' lang='lat' dir='ltr'><strong>in</strong></span> 
     </span>
     <span class='ocr_line' id='line_1_20' title="bbox 122 2839 1315 2932; baseline 0 -24"><span class='ocrx_word' id='word_1_147' title='bbox 122 2840 368 2932; x_wconf 81' lang='lat' dir='ltr'><strong>orthographia,</strong></span> <span class='ocrx_word' id='word_1_148' title='bbox 396 2839 640 2930; x_wconf 88' lang='lat' dir='ltr'><strong>adspirationem</strong></span> <span class='ocrx_word' id='word_1_149' title='bbox 663 2839 754 2919; x_wconf 90' lang='lat' dir='ltr'><strong>dico,</strong></span> <span class='ocrx_word' id='word_1_150' title='bbox 781 2863 798 2905; x_wconf 89' lang='lat' dir='ltr'><strong>e</strong></span> <span class='ocrx_word' id='word_1_151' title='bbox 822 2863 896 2906; x_wconf 90' lang='lat' dir='ltr'><strong>cum</strong></span> <span class='ocrx_word' id='word_1_152' title='bbox 920 2863 982 2918; x_wconf 86' lang='lat' dir='ltr'><strong>ae,</strong></span> <span class='ocrx_word' id='word_1_153' title='bbox 1008 2865 1031 2904; x_wconf 84' lang='lat' dir='ltr'><strong>u</strong></span> <span class='ocrx_word' id='word_1_154' title='bbox 1052 2863 1182 2921; x_wconf 89' lang='lat' dir='ltr'><strong>cumo,</strong></span> <span class='ocrx_word' id='word_1_155' title='bbox 1204 2867 1222 2907; x_wconf 91' lang='lat' dir='ltr'><strong>c</strong></span> <span class='ocrx_word' id='word_1_156' title='bbox 1242 2867 1315 2908; x_wconf 93' lang='lat' dir='ltr'><strong>cum</strong></span> 
     </span>
    </p>
   </div>
   <div class='ocr_carea' id='block_1_4' title="bbox 124 2939 1316 3054">
    <p class='ocr_par' dir='ltr' id='par_1_6' title="bbox 124 2939 1316 3054">
     <span class='ocr_line' id='line_1_21' title="bbox 124 2939 1316 3054; baseline -0.003 -23"><span class='ocrx_word' id='word_1_157' title='bbox 124 2975 139 3031; x_wconf 85' lang='lat' dir='ltr'><strong>t</strong></span> <span class='ocrx_word' id='word_1_158' title='bbox 162 2964 352 3054; x_wconf 82' lang='lat' dir='ltr'><strong>permixtas,</strong></span> <span class='ocrx_word' id='word_1_159' title='bbox 375 2961 552 3051; x_wconf 88' lang='lat' dir='ltr'><strong>simplicem</strong></span> <span class='ocrx_word' id='word_1_160' title='bbox 571 2985 601 3051; x_wconf 80' lang='lat' dir='ltr'><strong>p</strong></span> <span class='ocrx_word' id='word_1_161' title='bbox 624 2962 658 3026; x_wconf 91' lang='lat' dir='ltr'><strong>iu</strong></span> <span class='ocrx_word' id='word_1_162' title='bbox 682 2972 860 3052; x_wconf 83' lang='lat' dir='ltr'><strong>oportere,</strong></span> <span class='ocrx_word' id='word_1_163' title='bbox 886 2957 1047 3051; x_wconf 74' lang='lat' dir='ltr'><strong>apellare</strong></span> <span class='ocrx_word' id='word_1_164' title='bbox 1060 2974 1239 3028; x_wconf 88' lang='lat' dir='ltr'><strong>constanter</strong></span> <span class='ocrx_word' id='word_1_165' title='bbox 1258 2939 1316 3029; x_wconf 88' lang='lat' dir='ltr'><strong>ob-</strong></span> 
     </span>
    </p>
   </div>
   <div class='ocr_carea' id='block_1_5' title="bbox 122 3083 1317 3417">
    <p class='ocr_par' dir='ltr' id='par_1_7' title="bbox 122 3083 1317 3417">
     <span class='ocr_line' id='line_1_22' title="bbox 122 3083 1316 3172; baseline -0.001 -21"><span class='ocrx_word' id='word_1_166' title='bbox 122 3087 222 3164; x_wconf 81' lang='lat' dir='ltr'><strong>riam3</strong></span> <span class='ocrx_word' id='word_1_167' title='bbox 256 3107 316 3149; x_wconf 88' lang='lat' dir='ltr'><strong>nec</strong></span> <span class='ocrx_word' id='word_1_168' title='bbox 340 3084 554 3172; x_wconf 89' lang='lat' dir='ltr'><strong>interpunctio</strong></span> <span class='ocrx_word' id='word_1_169' title='bbox 578 3106 629 3148; x_wconf 91' lang='lat' dir='ltr'><strong>me</strong></span> <span class='ocrx_word' id='word_1_170' title='bbox 652 3083 932 3161; x_wconf 72' lang='lat' dir='ltr'><strong>morabitur,‘nec</strong></span> <span class='ocrx_word' id='word_1_171' title='bbox 956 3106 1075 3148; x_wconf 88' lang='lat' dir='ltr'><strong>errores</strong></span> <span class='ocrx_word' id='word_1_172' title='bbox 1099 3084 1133 3149; x_wconf 92' lang='lat' dir='ltr'><strong>iu</strong></span> <span class='ocrx_word' id='word_1_173' title='bbox 1157 3085 1316 3151; x_wconf 84' lang='lat' dir='ltr'><strong>vocabulis</strong></span> 
     </span>
     <span class='ocr_line' id='line_1_23' title="bbox 125 3204 1317 3294; baseline -0.001 -21"><span class='ocrx_word' id='word_1_174' title='bbox 125 3207 254 3274; x_wconf 89' lang='lat' dir='ltr'><strong>Graecis</strong></span> <span class='ocrx_word' id='word_1_175' title='bbox 288 3205 400 3270; x_wconf 90' lang='lat' dir='ltr'><strong>Latine</strong></span> <span class='ocrx_word' id='word_1_176' title='bbox 436 3206 557 3294; x_wconf 89' lang='lat' dir='ltr'><strong>scriptis</strong></span> <span class='ocrx_word' id='word_1_177' title='bbox 594 3216 647 3268; x_wconf 90' lang='lat' dir='ltr'><strong>aut</strong></span> <span class='ocrx_word' id='word_1_178' title='bbox 682 3228 738 3294; x_wconf 93' lang='lat' dir='ltr'><strong>per</strong></span> <span class='ocrx_word' id='word_1_179' title='bbox 777 3204 896 3270; x_wconf 88' lang='lat' dir='ltr'><strong>litteras</strong></span> <span class='ocrx_word' id='word_1_180' title='bbox 926 3204 1105 3285; x_wconf 88' lang='lat' dir='ltr'><strong>Romanas,</strong></span> <span class='ocrx_word' id='word_1_181' title='bbox 1141 3229 1203 3294; x_wconf 91' lang='lat' dir='ltr'><strong>qua</strong></span> <span class='ocrx_word' id='word_1_182' title='bbox 1227 3207 1260 3273; x_wconf 91' lang='lat' dir='ltr'><strong>in</strong></span> <span class='ocrx_word' id='word_1_183' title='bbox 1284 3231 1317 3272; x_wconf 93' lang='lat' dir='ltr'><strong>re</strong></span> 
     </span>
     <span class='ocr_line' id='line_1_24' title="bbox 123 3327 869 3417; baseline -0.007 -21"><span class='ocrx_word' id='word_1_184' title='bbox 123 3330 228 3396; x_wconf 87' lang='lat' dir='ltr'><strong>Maius</strong></span> <span class='ocrx_word' id='word_1_185' title='bbox 251 3328 530 3394; x_wconf 87' lang='lat' dir='ltr'><strong>inconstantiorem</strong></span> <span class='ocrx_word' id='word_1_186' title='bbox 555 3351 587 3394; x_wconf 90' lang='lat' dir='ltr'><strong>se</strong></span> <span class='ocrx_word' id='word_1_187' title='bbox 609 3327 776 3417; x_wconf 88' lang='lat' dir='ltr'><strong>praestitit.</strong></span> <span class='ocrx_word' id='word_1_188' title='bbox 865 3346 869 3352; x_wconf 86' lang='lat'><em>·</em></span> 
     </span>
    </p>
   </div>
   <div class='ocr_carea' id='block_1_6' title="bbox 0 0 1480 5182">
    <p class='ocr_par' dir='ltr' id='par_1_8' title="bbox 0 0 1480 5182">
     <span class='ocr_line' id='line_1_25' title="bbox 0 0 1480 5182; baseline 0 0"><span class='ocrx_word' id='word_1_189' title='bbox 0 0 1480 5182; x_wconf 95' lang='lat' dir='ltr'><strong> </strong></span> 
     </span>
    </p>
   </div>
  </div>
 </body>
</html>
