2946 5182
603 356 705 403 suras
730 356 870 404 consors.
1290 341 1332 404 23

137 525 372 619 speciminibus
406 526 529 616 ingrata
564 525 602 591 ht
635 525 817 617 disputatio.
867 524 965 592 Recte
1001 526 1130 591 omnino
1159 526 1332 616 scripturae

140 648 313 715 Romanae
337 646 499 713 historiam
531 669 725 738 persequens
751 646 901 736 exemplis
923 645 1148 713 demonstrarit
1170 647 1244 727 ille,
1270 670 1333 738 quo

139 767 242 835 modo
278 768 431 860 paulatim
464 792 502 835 cr
536 768 758 859 pulcherrimis
792 768 904 834 litteris
937 768 1120 834 maiusculis
1155 747 1333 858 quadratis,

142 889 259 980 quales
288 889 321 955 in
350 889 607 981 inscriptionibus
639 901 832 969 cernuntur,
861 888 990 955 labente
1013 889 1185 956 Latinitate
1210 912 1335 955 necnon

143 1010 346 1103 humanitate
379 1023 474 1077 natae
508 1011 571 1077 sint
605 1010 823 1090 rotundiores,
848 1010 988 1076 unciales
1012 1032 1089 1098 quas
1113 1009 1245 1090 dicunt,
1272 1034 1334 1101 quo

143 1133 279 1201 nomine
308 1154 490 1199 mensuram
525 1155 600 1200 care
635 1132 744 1199 credas
778 1133 967 1222 significari,
1002 1154 1077 1198 narn
1115 1130 1250 1197 formam
1285 1156 1336 1200 re·

141 1255 240 1345 spicit
259 1275 278 1319 a
300 1252 454 1343 quadrata
476 1231 678 1320 recedentem
702 1266 799 1343 atque
821 1266 985 1319 curvatam
1008 1252 1125 1343 magis,
1150 1253 1213 1319 sire
1232 1242 1353 1342 negli-'

145 1376 275 1467 gentius
297 1376 362 1441 sire
385 1375 523 1442 velocius
545 1398 594 1441 res
618 1373 909 1453 administraretur,
933 1387 1004 1440 tum
1027 1373 1245 1441 semiunciales
1267 1374 1335 1440 fac·

112 1584 117 1593 .
142 1510 199 1563 tac
221 1507 318 1576 sunt,
341 1495 456 1562 deinde
479 1494 624 1562 admistis
648 1494 837 1585 quibusdam
861 1496 1045 1562 minusculis
1070 1509 1165 1586 atque
1181 1494 1335 1585 pedeten-

143 1618 206 1683 tim
236 1615 425 1683 iutroductis
456 1616 544 1695 iliis,
574 1616 609 1681 in
632 1638 749 1682 norum
772 1616 865 1681 illum
889 1640 1038 1707 campum
1062 1617 1182 1683 librarii
1206 1617 1337 1683 descen-

138 1736 264 1805 denmt
286 1738 430 1804 omnium
452 1737 630 1803 litterarum
653 1759 691 1803 ea
713 1737 854 1804 faciliore
875 1738 976 1803 forma
995 1739 1061 1818 usi,
1087 1760 1169 1826 quae
1194 1762 1212 1803 a
1233 1739 1338 1827 prisca

143 1858 194 1931 ita
223 1858 363 1939 recedst,
395 1872 432 1925 ut
461 1860 588 1925 nonnisi
619 1882 655 1925 es
686 1859 741 1925 illa
769 1872 844 1925 nata
867 1884 933 1927 esse
956 1860 1119 1940 rideatur,
1142 1858 1338 1949 paucissimis

144 1979 338 2069 quibusdam
367 1980 524 2070 exceptis,
556 2003 639 2070 quae
670 1982 825 2072 originem
854 1981 983 2048 trahant
1013 2006 1050 2049 er
1074 1983 1175 2048 forma
1197 1981 1336 2059 sursise,

145 2122 232 2191 quae
259 2098 393 2180 dieitur,
422 2114 454 2168 et
483 2102 644 2190 antiquior
677 2114 725 2169 est
756 2124 852 2192 quam
874 2104 969 2169 multi
992 2105 1176 2194 opinantur.
1224 2103 1337 2192 Sequi·

143 2234 202 2288 tur
234 2221 311 2287 hinc
344 2244 382 2289 er
416 2223 621 2302 minusculis,
654 2246 736 2312 quae
763 2224 797 2289 in
829 2226 983 2315 scriptura
1007 2226 1126 2292 unciali
1150 2237 1336 2303 occurrant,

146 2355 274 2409 certum
301 2343 461 2432 quendam
491 2343 593 2410 codici
624 2344 736 2410 locum,
762 2345 912 2434 assignari
934 2369 1043 2436 posse,
1068 2345 1138 2413 dico
1162 2369 1277 2437 nempe
1299 2344 1339 2412 de

145 2462 224 2529 solis
246 2463 407 2553 quadratis
429 2465 685 2553 uncialibusque3
712 2464 767 2530 sed
791 2465 852 2530 alia
869 2466 1036 2533 accedunt.
1074 2468 1203 2534 Praeter
1221 2469 1339 2533 maius·

147 2583 241 2651 culus
269 2585 378 2674 quales
408 2608 446 2652 er
477 2584 734 2676 inscriptionibus
756 2587 918 2666 norimus,
943 2598 976 2653 et
998 2587 1048 2653 vel
1071 2588 1158 2653 hunc
1182 2589 1339 2678 usquein

145 2704 237 2771 dien
265 2705 298 2771 iu
327 2727 388 2770 usu
419 2717 514 2784 sunt,
546 2705 580 2770 in
611 2705 720 2794 primis
753 2704 885 2770 saeculis
911 2718 982 2796 post
1013 2705 1171 2772 Christum
1194 2709 1228 2773 in
1250 2707 1339 2772 libris

146 2825 250 2893 altera
280 2824 437 2915 quaedam
466 2825 567 2890 forma
596 2827 733 2893 occurrit
765 2848 847 2915 quae
868 2826 1042 2917 elegantior
1064 2840 1096 2894 et
1119 2829 1260 2893 ornatior
1282 2828 1339 2893 eti·

147 2947 230 3013 amsi
270 2968 304 3013 re
337 2970 411 3013 vera
444 2948 503 3027 sit,
539 2948 656 3014 rustica
687 2948 821 3029 dicitur,
854 2951 944 3015 cuius
975 2951 1097 3040 generis
1137 2963 1183 3017 est
1220 2949 1340 3017 Gellius

143 3068 368 3159 palimpsestus
399 3068 561 3135 Palatinus
591 3069 647 3136 N0.
680 3073 744 3148 24,
777 3070 928 3161 Virgilius
959 3070 1131 3139 Vaticanus
1153 3072 1209 3139 ΝΟ.
1237 3075 1338 3152 3867,
1408 3097 1413 3103 ·

147 3186 230 3257 Silr.
255 3188 321 3255 tab.
347 3192 411 3270 60,
444 3189 636 3256 Prudentius
659 3189 818 3255 Parisinus
842 3191 899 3256 N⁰.
926 3196 1033 3272 8084,
1059 3192 1135 3259 Silr.
1159 3192 1225 3258 tab.
1254 3195 1338 3270 138,

146 3309 191 3377 de
213 3308 337 3397 Wailly
347 3311 372 3398 ¹)
398 3311 476 3377 tab..
491 3311 518 3377 Ι.
544 3333 592 3376 er.
622 3315 652 3376 1.
689 3310 809 3377 Natum
832 3323 879 3377 est
901 3311 1012 3377 hocas
1032 3314 1246 3402 priscaforma
1260 3335 1340 3401 qua-

147 3430 260 3510 drata,
295 3454 359 3521 qua
394 3454 468 3520 ergo
504 3431 662 3497 recentius
691 3443 758 3510 est,
792 3432 935 3519 quamvis
965 3432 1114 3522 equidem
1142 3435 1191 3499 rix
1215 3447 1339 3520 tempus

146 3550 365 3630 distinxerim,
384 3575 449 3641 quo
472 3552 653 3618 invaluerit.
697 3551 751 3617 Sic
774 3564 810 3617 nt
833 3550 895 3618 hoo
919 3564 991 3617 utar
1014 3555 1157 3643 exemplo
1182 3553 1221 3618 ad
1244 3556 1341 3623 rusti·

147 3695 227 3739 cum
256 3672 335 3738 illud
365 3695 464 3762 genus
494 3674 558 3738 iarn
589 3673 627 3738 fit
657 3674 806 3738 transitus
835 3673 868 3739 iu
901 3668 1050 3739 Sallustio
1080 3673 1233 3740 Vaticano
1258 3676 1337 3747 Silr.

146 3794 219 3863 tab.
240 3796 305 3873 42,
324 3816 449 3861 necnon
472 3795 506 3860 in
529 3793 661 3882 Virgilio
685 3793 840 3859 Vaticano
864 3792 920 3861 ΝΟ.
946 3798 1052 3872 3225,
1075 3793 1151 3861 Silr.
1167 3795 1232 3862 tab.
1253 3802 1337 3882 165,
1432 3835 1436 3846 ·

146 3936 212 3983 arec
234 3914 325 3981 initia
348 3914 457 4004 negari
479 3926 610 4004 possunt
627 3915 728 3980 inesse
745 3915 780 3980 iu
799 3914 946 3980 Terentio
967 3914 1120 3981 Vaticano
1140 3916 1196 3983 N0.
1226 3923 1337 4001 3226,

146 4035 286 4124 -Virgilio
309 4034 469 4116 llediceo,
494 4035 648 4123 Lirioque
671 4034 815 4101 Palatino
839 4034 896 4103 N⁰.
922 4040 980 4117 24;
1008 4051 1104 4127 atque
1116 4040 1246 4105 unicum
1258 4041 1338 4106 illud

148 4156 292 4222 macerae
314 4157 487 4246 scripturae
511 4156 684 4246 quadratae
707 4156 906 4246 exemplum,
932 4157 1081 4248 Virgilius
1095 4157 1265 4226 Vaticanus
1278 4160 1335 4228 ΝΟ.

149 4280 262 4356 3266,
282 4274 361 4345 silv.
390 4277 457 4344 tab.
484 4280 547 4356 78,
571 4275 659 4343 haud
682 4277 746 4344 scio
770 4300 810 4342 an
834 4279 968 4344 imitatio
992 4281 1050 4359 sit,
1075 4302 1150 4345 nam
1173 4282 1337 4371 proprium

186 4575 215 4641 1)
240 4574 339 4627 Natalis
364 4578 397 4628 de
422 4576 533 4642 Wailly,
557 4577 679 4629 demente
703 4577 736 4629 de
758 4579 951 4644 palaeographie
968 4593 1031 4646 potor
1048 4578 1128 4633 serris
1148 4581 1165 4632 t
1185 4581 1278 4635 l'e‘tudc
1294 4585 1338 4636 dea

147 4673 307 4725 Documento
323 4672 419 4723 Inc'dits
436 4688 478 4724 sur
494 4673 573 4725 l'hist.
591 4675 622 4724 de
638 4673 744 4727 France.
777 4676 850 4727 Poris
869 4681 940 4727 1838.
