2946 5182
325 375 437 423 rorrr.
464 375 532 421 sir.
556 355 642 422 XIV.
669 358 860 421 323-331.
886 353 955 419 XV.
983 358 1104 424 1-43.
1244 363 1308 426 133

118 547 273 636 quoniam
304 545 380 610 facit
411 544 450 609 ad
481 546 587 610 locum
616 544 655 610 de
687 545 873 625 scholiastis;
905 545 945 611 de
973 545 1021 612 his
1053 557 1088 610 ut
1120 546 1177 610 riri
1207 547 1308 626 docti,

99 669 181 757 ,qui
222 669 254 733 in
285 666 346 732 hoe
377 669 565 757 scriptorum
598 689 713 756 genere
744 665 782 731 de
824 668 984 756 proposito
1020 680 1201 748 versantur,
1237 692 1312 758 pro-

118 790 289 869 nuntient,
321 787 409 854 lubet
439 789 506 878 ipsa
537 788 721 853 scholiastae
750 787 844 853 verba
874 787 1020 853 exhibere
1049 790 1173 854 etiamsi
1195 792 1311 878 partim

119 909 254 988 mutila,
278 922 406 1000 propter
428 909 622 1000 palimpsesti
645 921 811 988 naturam,
836 910 869 973 in
895 909 1009 998 quibus
1032 909 1214 999 supplendis
1234 911 1312 977 doc-

118 1031 216 1097 tiores
247 1053 326 1120 paee
357 1053 427 1095 mea
455 1028 619 1095 desudent.
674 1028 775 1095 Maius
801 1029 928 1118 quidem
953 1031 1069 1120 sprevit
1092 1031 1168 1109 ista,
1195 1033 1311 1123 quippe

121 1174 204 1240 quae
242 1152 358 1241 partim
395 1173 469 1216 cum
500 1149 591 1216 editis
623 1162 817 1240 congruant,
855 1149 908 1216 sed
935 1164 1067 1241 propter
1097 1151 1181 1218 hanc
1211 1153 1313 1242 ipsam
1379 1190 1381 1195 .

120 1295 250 1337 oausam
281 1272 430 1362 equidem
460 1271 616 1337 contendo
645 1270 766 1361 publici
797 1272 873 1336 iuris
903 1271 958 1336 illa
981 1296 1048 1339 esse
1071 1273 1230 1351 facienda3
1255 1274 1313 1338 ali·

121 1391 200 1482 quid
232 1393 311 1458 lucis
341 1415 378 1458 ex
401 1392 462 1457 hoc
485 1393 608 1458 etiamsi
631 1393 726 1458 unico
749 1392 825 1457 folio
850 1393 979 1482 affulget
1002 1393 1153 1460 historiae
1177 1394 1312 1460 scholio-

121 1537 195 1578 rum
226 1514 286 1578 nisi
318 1512 432 1602 glossas
464 1514 582 1591 mavis,
607 1514 723 1603 partim
749 1515 835 1579 enim
858 1513 942 1578 idem
963 1516 1145 1594 continent,
1172 1515 1256 1604 quod
1280 1517 1312 1580 in

122 1634 314 1700 editionibus
333 1647 448 1714 exstat,
474 1635 589 1724 partim
619 1633 759 1714 diversa,
787 1635 904 1723 partim
934 1634 972 1699 ad
997 1636 1073 1700 alios
1098 1659 1202 1701 versus
1225 1637 1314 1702 erhi-

121 1757 201 1822 bent
226 1755 461 1833 adnotationes,
487 1778 564 1845 quas
591 1756 625 1820 in
648 1755 736 1819 nulla
758 1754 896 1821 editione
920 1757 1073 1836 invenies3
1102 1759 1191 1845 atqui
1214 1759 1313 1824 inser·

124 1880 189 1943 viat
222 1878 284 1943 hoc
312 1878 472 1966 specimen
505 1875 544 1940 ad
575 1875 821 1966 dignoscendam
855 1876 1047 1941 scholiorum
1077 1879 1251 1958 rationem,
1283 1893 1314 1946 et

124 1998 317 2065 secernenda
347 1999 401 2063 illa
433 2021 450 2061 a
481 1997 665 2063 iutilissimis
697 1997 910 2088 glossematis,
952 2021 1033 2087 quae
1064 1999 1180 2089 lector,
1213 2001 1336 2089 qualis

125 2121 239 2186 nostris
270 2119 464 2209 temporibus
495 2119 678 2185 Iuvenalem
714 2118 856 2198 evolvat,
893 2141 958 2183 non
985 2118 1150 2201 doceatur3
1177 2120 1315 2211 denique

124 2243 212 2307 testis
247 2243 424 2330 proferatur
458 2242 509 2318 ei,
545 2240 599 2331 qui
632 2239 670 2304 de
704 2240 903 2330 grammatici
937 2243 1123 2307 auctoritate
1155 2242 1314 2331 disputare

126 2363 213 2429 velit.

641 2544 808 2564 b———fi

378 2722 560 2792 SCHOLIA
584 2721 763 2790 INEDITA
788 2721 846 2787 ΑΙ)
870 2721 959 2789 SAT.
985 2723 1070 2790 xlv.

173 2968 214 3032 V.
257 2969 333 3032 325.
380 2964 480 3030 Haeo
513 2988 644 3054 quoque
675 2969 710 3029 si
740 2988 863 3055 rugam
896 2965 1031 3044 trahit,
1063 2964 1096 3029 id
1119 2977 1165 3031 est
1188 2966 1214 3031 si
1236 2967 1315 3032 haec

122 3089 224 3155 tristis
238 3086 262 3174 ¹)
288 3086 346 3151 tibi
369 3109 492 3150 summa
515 3099 581 3166 est,
607 3087 665 3152 etsi
688 3087 768 3151 haec
789 3108 863 3150 cum
886 3084 1113 3175 indignatione.

220 3207 313 3275 Gonf.
348 3206 428 3273 Iahn
458 3231 491 3297 p.
526 3211 590 3272 376
624 3231 656 3275 r.
682 3211 745 3286 24,
772 3207 827 3297 qui
850 3220 934 3273 recte
959 3207 1087 3297 quidem
1111 3207 1173 3273 duo
1198 3209 1316 3275 scholia

254 3350 369 3394 ‘tersus
404 3332 468 3393 325
505 3341 536 3393 et
572 3331 637 3394 326
673 3327 833 3406 distinxit,
869 3327 922 3393 sed
957 3329 1048 3419 lapsu
1082 3330 1318 3420 typothetarum

265 3451 353 3516 uncis
384 3450 506 3515 inclusa
537 3463 611 3515 sunt
645 3449 736 3536 [325.
768 3448 805 3516 Sr
830 3469 953 3516 noenu
985 3451 1147 3538 ΜΠ),
1180 3475 1255 3516 nam
1278 3452 1318 3519 de

266 3594 321 3636 suo
345 3569 465 3635 addidit
488 3569 604 3635 editor:
632 3575 697 3636 326
723 3569 815 3637 Sunu
839 3589 923 3637 nuos
946 3589 1094 3649 nourrns.

175 3694 214 3758 V.
240 3696 318 3758 326.
367 3693 443 3758 Fae
467 3701 492 3758 t.
518 3692 550 3757 id
574 3704 620 3758 est
643 3693 694 3757 fac
718 3693 868 3758 sestertia.

233 3838 253 3877 »
372 3811 640 3902 Quadringenta
653 3813 702 3902 ²),
727 3813 829 3879 idest
853 3814 1045 3902 octingenta.

174 3936 215 4002 V.
242 3939 319 4001 327.
342 3950 350 3967 ³
370 3931 413 3999 St
436 3932 655 4025 perdituri)
688 3936 786 3999 ultro
808 3938 1000 4024 gremium,
1024 3935 1095 4025 plus
1120 3957 1214 4024 quarn
1240 3934 1319 4003 desi·

123 4062 230 4128 deras.
270 4119 276 4135 ,

175 4181 216 4246 V.
243 4183 320 4245 328.
370 4178 442 4244 Nec
477 4175 600 4244 Croesi
611 4175 637 4264 4)
655 4177 809 4264 fortuna
832 4202 1002 4268 umquam.
1052 4154 1201 4260 Croesus,
1216 4182 1242 4265 5)
1268 4181 1320 4246 cui

127 4303 229 4370 Solon
253 4301 347 4366 dixit:
380 4296 460 4387 [ὅροι]
487 4299 575 4372 τέλος
595 4302 713 4381 μακροῦ
733 4298 858 4388 diost),
882 4300 915 4365 id
935 4313 981 4366 est
1000 4301 1217 4368 definitionem
1241 4304 1320 4368 vitae

127 4477 295 4491 ψ

168 4590 566 4656 [εοτῐοεεῐενεθῐθτεεῖ
618 4602 648 4672 1)
676 4599 771 4654 tristes.
841 4605 870 4675 2)
894 4601 1062 4680 quadrigona.
1131 4604 1161 4672 3)
1181 4601 1318 4676 pandetur.

125 4687 160 4764 ’4)
181 4691 291 4749 Chroesi.
332 4698 362 4769 5)
381 4694 515 4752 chroeson.
556 4694 585 4764 6)
604 4693 761 4769 roncrprbro.
