2946 5182
536 375 716 424 scurrarum
743 375 883 424 coniers.
1264 363 1303 424 13

117 567 218 638 quum
240 567 302 613 ‚eas
326 544 526 610 -abscondant
556 543 782 612 Commentarii
812 546 988 612 litterarum
1019 513 1149 612 ductus:
1165 545 1242 611 ride
1265 545 1305 610 ad

118 670 135 735 1
159 672 177 755 §
203 673 239 742 6;
269 666 406 756 denique
430 689 494 733 non
518 668 692 758 poenitebit
716 669 825 758 paucis
848 667 1036 757 quibusdam
1060 667 1192 734 maculis
1214 668 1306 734 illum

114 789 285 868 liberasse,
310 810 388 877 quas
410 788 493 854 infra
516 788 644 854 notabo.

162 910 303 976 Pertinet
323 907 363 974 ad
386 907 473 975 huno
496 910 603 976 locum
628 909 790 999 quaestio,
816 909 896 974 sitne
910 907 1017 975 codex
1040 921 1146 975 noster
1167 932 1206 976 er
1230 931 1308 975 oon·

117 1032 238 1096 iectura
261 1053 301 1095 an
326 1029 366 1095 ad
390 1030 550 1120 exemplar
573 1029 771 1097 emendatus.
806 1029 1029 1118 Equidem-er
1046 1041 1139 1095 certa
1164 1029 1308 1120 analogia

118 1153 211 1232 vitia,-
236 1175 317 1242 quae
341 1165 450 1219 contra
463 1151 722 1242 orthographiam
734 1152 934 1218 commiserat
953 1151 1120 1230 librarius,
1140 1151 1309 1218 emendata

119 1271 328 1368 crediderim,
365 1272 613 1362 correctorisque
645 1271 752 1338 tribuo
779 1271 971 1352 doctrinae,
991 1295 1073 1363 quae
1096 1273 1232 1338 restituit
1255 1271 1309 1338 ille

118 1395 153 1459 in
184 1394 344 1461 vocabulis
371 1394 455 1460 male
485 1393 644 1472 dissectis,
670 1405 782 1459 eontra
800 1391 936 1459 'Collatio
959 1393 1008 1459 rel
1039 1393 1136 1460 semel
1168 1394 1309 1483 inspecta

119 1514 246 1582 docebit
267 1517 398 1606 opinor,
425 1537 507 1604 quae
527 1515 640 1580 omissa
664 1525 755 1581 erant
778 1511 937 1580 vocabula
953 1535 1019 1578 non
1032 1536 1075 1578 er
1093 1513 1219 1602 ingenio
1243 1536 1310 1580 esse

120 1635 283 1726 suppleta3
321 1635 376 1702 sed
409 1634 535 1724 quando
569 1656 702 1706 munere
734 1657 790 1700 suo
821 1634 931 1699 functa
960 1635 1000 1699 sit
1030 1633 1167 1700 secunda
1198 1656 1311 1700 manus

120 1755 227 1823 dicere
248 1778 314 1821 non
335 1755 501 1822 babemus.

168 1877 240 1944 Non
268 1878 350 1967 fugit
379 1873 443 1942 me⁴
463 1877 680 1967 quaestionem
710 1875 750 1942 de
773 1875 876 1965 prima
899 1875 1101 1966 secundaque
1124 1896 1222 1941 manu
1245 1896 1312 1940 esse

122 2000 366 2072 intricatiorem;
389 1999 423 2064 iu
442 1998 507 2064 fere
525 1997 671 2064 omnibus
688 1997 776 2063 libris
795 1997 1017 2087 manuscriptis
1038 1996 1205 2063 atramenti
1225 1994 1312 2060 color

121 2121 281 2188 incertum
299 2133 362 2199 est,
385 2142 448 2210 quo
470 2131 629 2186 corrector
647 2141 681 2184 se
699 2117 829 2208 prodat,
853 2117 1024 2198 indicium,
1050 2130 1090 2184 etv
1104 2139 1181 2207 prae
1199 2116 1311 2182 ceteris

114 2243 158 2335 'in
182 2238 516 2333 codice—palimpsesto
540 2253 647 2307 actum
671 2253 717 2306 est
734 2239 780 2306 ,de
803 2240 958 2307 levissima
982 2240 1041 2305 ista
1059 2237 1236 2305 differentia
1254 2258 1313 2326 per

123 2363 221 2451 ipsius
250 2362 324 2427 libri
354 2375 516 2436 naturam;
541 2361 676 2427 alterum
699 2360 999 2451 quodplerumque
1023 2360 1153 2425 affertur
1176 2359 1312 2448 scriptu·
1396 2346 1400 2355 ¹

124 2506 179 2549 rae
201 2482 389 2563 discrimen,
414 2485 447 2549 in
472 2482 580 2550 codiee
604 2483 780 2548 recentiore
806 2504 882 2548 aero
905 2495 1047 2548 correcto
1071 2481 1191 2571 aliquid
1215 2481 1311 2560 facit,

126 2604 160 2669 in
194 2603 348 2693 scriptura
381 2604 507 2669 unciali
535 2603 634 2669 levius
668 2614 735 2681 est,
771 2624 831 2669 neo
866 2602 1045 2668 litterarum
1074 2624 1223 2668 mensura
1244 2623 1313 2667 rem

127 2725 276 2805 conficit3
304 2724 445 2806 accedit,
471 2724 565 2815 quod'
581 2724 710 2790 omnino
734 2723 850 2790 confici
873 2736 1030 2812 nequeat,
1060 2724 1141 2789 sitne
1168 2745 1186 2786 a
1209 2723 1312 2811 prima

125 2867 225 2911 manu
255 2858 413 2912 correctus
442 2846 525 2912 liber
555 2858 680 2925 noster,
712 2843 797 2935 quod
815 2845 877 2910 'rix
901 2841 1109 2922 crediderim,
1135 2866 1176 2908 an
1198 2865 1315 2909 reroa

128 2979 303 3033 correctore
324 2967 429 3033 statim
449 2979 618 3057 postquam
638 2978 782 3032 exaratus
804 2977 906 3046 esset3
930 2963 1006 3030 hino
1029 2963 1176 3054 equidem
1197 2986 1314 3054 urgen-

127 3086 205 3152 dum
227 3110 293 3153 uon
311 3111 381 3154 >esse
401 3087 557 3154 contendo
570 3062 689 3177 ,quod
706 3087 810 3153 Maius
828 3085 1073 3176 passimmonet
1089 3109 1170 3150 mox
1189 3108 1314 3152 eorrec-

126 3219 197 3274 tum
227 3207 377 3275 essehoc
407 3208 457 3274 rel
487 3207 587 3287 illud,
620 3220 675 3273 aut
696 3211 822 3272 *statim
845 3205 1068 3287 emendatum,
1098 3220 1312 3297 expunctum,

127 3341 246 3411 cetera3
280 3341 312 3394 at
342 3328 476 3396 editores
507 3341 749 3418 nonnumquam
780 3327 819 3392 ad
851 3305 983 3393 verbum
1013 3327 1072 3393 ista
1098 3341 1313 3418 acceperuut,

128 3449 215 3539 quod
239 3452 265 3516 si
287 3451 336 3516 rel
360 3451 462 3517 Maius
487 3452 547 3517 sibi
570 3451 735 3531 voluisset,
761 3462 889 3518 rectene
911 3447 1032 3515 dictrrm
1056 3449 1115 3527 sit,
1140 3471 1316 3539 numquam

127 3572 289 3640 conficias.
338 3573 445 3652 Facile
465 3573 605 3639 adducor
627 3585 663 3638 ut
687 3567 764 3662 quas
787 3572 907 3638 litteras
925 3594 1026 3637 erasas
1046 3569 1177 3636 viderim
1195 3570 1317 3660 primae

128 3712 242 3759 manus
263 3693 419 3760 habeatur
441 3693 634 3776 emendati03
661 3693 714 3759 sed
737 3693 794 3758 ubi
816 3693 1092 3759 librariusstatim
1114 3703 1316 3782 perspectum

126 3837 268 3880 errorem
298 3814 396 3904 digito
419 3814 602 3881 humectato
634 3814 802 3881 evanidam
833 3815 945 3882 fecerit
974 3812 1317 3902 atramentum,quod

130 3935 191 4001 sibi
201 3935 299 4001 inrito
311 3934 484 4016 exciderat,
510 3936 587 4026 quid
608 3959 724 4026 quaeso
743 3938 948 4026 pronunties,
971 3937 1122 4026 quoniam
1141 3957 1228 4000 nuno
1248 3957 1317 4000 orn-

130 4056 184 4121 nia
208 4056 316 4123 eadem
340 4055 410 4146 lege
430 4070 541 4123 vrenata
566 4071 650 4125 sunt.
699 4057 844 4146 Denique
867 4057 962 4123 tantis
985 4057 1224 4122 difficultatibus
1242 4076 1319 4145 pre·

128 4178 230 4243 mitur
255 4177 373 4244 haecce
404 4179 565 4267 quaestio,
599 4191 636 4244 ut
659 4179 843 4268 ubicunque
871 4178 991 4268 aliquid
1015 4191 1192 4245 correctum
1224 4200 1318 4267 appa·

132 4310 216 4377 reat,
241 4299 303 4365 hoc
326 4298 482 4365 secundae
506 4300 616 4366 manui
639 4299 805 4366 tribuerim
827 4301 861 4364 in
887 4297 1063 4365 Collatione
1084 4322 1167 4364 mea.
1217 4297 1318 4388 Argu·

131 4432 239 4485 menta
262 4420 484 4511 diplomatica,
522 4441 603 4509 quae
628 4420 778 4502 audiunt,
813 4420 928 4510 quibus
960 4420 1079 4511 aliquid
1104 4432 1317 4510 superstruas,

133 4540 230 4606 codex
249 4565 300 4607 me
325 4540 459 4630 quidem·
476 4541 580 4608 iudice
603 4566 668 4608 non
692 4543 802 4623 affert;
835 4542 961 4608 rideant
985 4543 1160 4621 acutiores,
1181 4542 1319 4632 possitne

134 4661 254 4751 aliquid
276 4665 390 4729 confici
410 4687 446 4729 er
467 4665 590 4754 integra
610 4689 680 4734 mea
702 4665 903 4732 correctionis
923 4664 1054 4743 notitia,
1073 4666 1106 4730 in
1127 4688 1222 4753 quam
1242 4684 1319 4752 pace
