2946 5182
348 883 485 959 GODllll
508 880 830 959 Purursuscus
855 880 1102 1002 vlrrcluus

521 1071 590 1160 DE
615 1073 683 1161 RE
708 1072 938 1163 PUBLIOA

308 1271 480 1340 cursurus
513 1273 583 1340 cau
613 1273 773 1342 aurursus
805 1275 1000 1343 cassurus
1040 1266 1151 1347 utut

491 1505 494 1510 ’
623 1504 839 1558 -ΘΕΜΘ-

640 1720 771 1788 Lrsslra
795 1722 820 1787 l.
940 1780 943 1792 .

648 1908 763 2000 Caput
786 1909 813 1975 l.

137 2058 198 2140 §L
225 2051 362 2147 imlpetu
610 2061 727 2150 Incipit
750 2059 871 2126 Codicis
896 2060 1065 2150 Augustini
1085 2083 1156 2150 pag.
1183 2063 1239 2126 63.

225 2229 441 2296 liberarisscnt
608 2187 883 2313 crucauursserri,
916 2235 959 2300 sic
989 2238 1029 2313 2,
1060 2233 1114 2299 sed
1141 2237 1154 2297 1
1182 2234 1249 2298 iam
1272 2234 1331 2300 lit-

653 2366 753 2421 teram
779 2375 798 2421 r
821 2355 861 2421 de
878 2379 965 2421 more
984 2353 1186 2446 praecedenti
1206 2353 1332 2422 adhae-

654 2489 777 2562 rentem
801 2477 978 2567 scripserat.

225 2589 262 2659 C.
288 2593 432 2662 Duellius
610 2618 640 2663 c.
665 2595 802 2668 suerrus

223 2714 301 2781 belli
611 2737 727 2784 eaerur
773 2718 804 2783 d.
840 2718 884 2808 (id
908 2731 954 2785 est
978 2718 1094 2784 lineola
1117 2715 1248 2806 obliqua
1274 2719 1331 2787 de-

605 2926 630 2943 *Δ
654 2838 730 2927 leta)
755 2841 860 2930 priore
883 2865 912 2905 c.

605 2963 621 2992 Ν

224 3008 270 3074 Μ.
296 3006 465 3072 Marcellus
619 3027 812 3074 alaceccus

97 3133 100 3139 “
225 3127 369 3192 avulsum
609 3150 758 3196 auocsuu

227 3248 294 3338 {qui
316 3247 427 3314 iisdem
611 3247 758 3339 lquISueu
803 3275 836 3340 p.
863 3255 918 3317 64.

224 3393 315 3458 licuit
341 3392 468 3459 Tusculi
492 3416 524 3459 se
609 3355 889 3461 rrcurruscusrsi
920 3399 935 3460 1
962 3393 1045 3459 male
1069 3392 1217 3458 dissecuit
1229 3417 1331 3461 roca-

654 3515 748 3592 bula,
774 3514 859 3604 quod
880 3519 899 3579 2
920 3514 1053 3581 correxit
1072 3536 1160 3580 erasa
1180 3514 1328 3586 alteras,

647 3612 655 3644 1

226 3673 261 3726 ut
284 3664 336 3728 isti
609 3679 736 3738 urmrr,
758 3681 823 3724 non
843 3672 890 3725 est
909 3659 1014 3724 littera
1032 3679 1063 3737 1,
1085 3680 1197 3723 verum
1212 3681 1331 3726 macu-

655 3779 703 3858 la,
728 3792 764 3844 ut
786 3780 867 3845 berre
887 3779 1006 3845 multae
1026 3780 1060 3844 in
1079 3779 1141 3845 hoc
1159 3778 1236 3844 folio
1254 3803 1329 3849 ccr-

653 3913 784 3966 nuntur.

609 4020 662 4087 Sic'
681 4021 777 4087 habet
798 4022 895 4089 codex
914 4023 975 4088 hoc
995 4022 1199 4107 locoet§3,
1220 4026 1261 4101 5,
1282 4027 1328 4090 23

653 4167 754 4232 quum
780 4153 911 4234 pater,
943 4150 984 4209 35
1017 4167 1118 4232 quum
1147 4146 1185 4206 in
1213 4155 1244 4208 et
1269 4147 1327 4212 61.

654 4263 801 4354 Singulos
825 4264 929 4343 locos,
955 4264 1010 4330 ubi
1028 4276 1208 4331 constanter
1227 4263 1329 4333 habet

655 4408 748 4463 cum,
782 4399 855 4451 sunt
884 4397 990 4450 autem
1017 4390 1101 4465 146,
1126 4399 1236 4452 notare
1259 4409 1326 4452 non

651 4503 759 4585 lubet,
785 4519 894 4573 contra
918 4507 951 4571 in
975 4506 1056 4572 libro
1077 4507 1126 4574 Ill
1147 4507 1327 4575 adscribam

656 4629 696 4691 13
720 4626 809 4706 illos,
835 4627 891 4693 ubi
915 4640 961 4694 est
984 4652 1072 4718 qum.
