<?xml version="1.0" encoding="UTF-8"?>
<!DOCTYPE html PUBLIC "-//W3C//DTD XHTML 1.0 Transitional//EN"
    "http://www.w3.org/TR/xhtml1/DTD/xhtml1-transitional.dtd">
<html xmlns="http://www.w3.org/1999/xhtml" xml:lang="en" lang="en">
 <head>
  <title>
</title>
<meta http-equiv="Content-Type" content="text/html;charset=utf-8" />
  <meta name='ocr-system' content='tesseract 3.04.00' />
  <meta name='ocr-capabilities' content='ocr_page ocr_carea ocr_par ocr_line ocrx_word'/>
</head>
<body>
  <div class='ocr_page' id='page_1' title='image "./schedaevaticana01rieugoog_0238.png"; bbox 0 0 2946 5182; ppageno 0'>
   <div class='ocr_carea' id='block_1_1' title="bbox 350 1083 1115 1184">
    <p class='ocr_par' dir='ltr' id='par_1_1' title="bbox 350 1083 1115 1184">
     <span class='ocr_line' id='line_1_1' title="bbox 350 1083 1115 1184; baseline 0.008 -9"><span class='ocrx_word' id='word_1_1' title='bbox 350 1084 619 1176; x_wconf 80' lang='grc' dir='ltr'><strong>ΕΡΙΤΟΜΑΕ</strong></span> <span class='ocrx_word' id='word_1_2' title='bbox 653 1083 812 1176; x_wconf 73' lang='lat' dir='ltr'><strong>turis</strong></span> <span class='ocrx_word' id='word_1_3' title='bbox 847 1085 1115 1184; x_wconf 79' lang='lat' dir='ltr'><strong>Muruloau</strong></span> 
     </span>
    </p>
   </div>
   <div class='ocr_carea' id='block_1_2' title="bbox 322 1236 1147 1571">
    <p class='ocr_par' dir='ltr' id='par_1_2' title="bbox 322 1236 1147 1571">
     <span class='ocr_line' id='line_1_2' title="bbox 502 1236 971 1362; baseline 0.004 -4"><span class='ocrx_word' id='word_1_4' title='bbox 502 1283 726 1360; x_wconf 73' lang='lat' dir='ltr'><strong>mononis</strong></span> <span class='ocrx_word' id='word_1_5' title='bbox 751 1236 971 1362; x_wconf 72' lang='lat' dir='ltr'><strong>virunnis</strong></span> 
     </span>
     <span class='ocr_line' id='line_1_3' title="bbox 322 1454 1147 1571; baseline 0.002 -47"><span class='ocrx_word' id='word_1_6' title='bbox 322 1457 379 1524; x_wconf 79' lang='lat' dir='ltr'><strong>EX</strong></span> <span class='ocrx_word' id='word_1_7' title='bbox 404 1455 565 1525; x_wconf 76' lang='lat' dir='ltr'>CODIOE</span> <span class='ocrx_word' id='word_1_8' title='bbox 590 1454 812 1526; x_wconf 76' lang='lat' dir='ltr'>VATIGANO</span> <span class='ocrx_word' id='word_1_9' title='bbox 837 1458 932 1571; x_wconf 61' lang='lat' dir='ltr'>LIT.</span> <span class='ocrx_word' id='word_1_10' title='bbox 963 1459 1020 1526; x_wconf 89' lang='lat' dir='ltr'><strong>N⁰.</strong></span> <span class='ocrx_word' id='word_1_11' title='bbox 1047 1465 1147 1527; x_wconf 81' lang='lat'><strong>4929.</strong></span> 
     </span>
    </p>
   </div>
   <div class='ocr_carea' id='block_1_3' title="bbox 651 1726 828 1755">
    <p class='ocr_par' dir='ltr' id='par_1_3' title="bbox 651 1726 828 1755">
     <span class='ocr_line' id='line_1_4' title="bbox 651 1726 828 1755; baseline 0.017 -3"><span class='ocrx_word' id='word_1_12' title='bbox 651 1726 828 1755; x_wconf 49' lang='grc' dir='ltr'><strong>-ΜΜΜν-Ψ</strong></span> 
     </span>
    </p>
   </div>
   <div class='ocr_carea' id='block_1_4' title="bbox 138 1944 1416 3379">
    <p class='ocr_par' dir='ltr' id='par_1_4' title="bbox 183 1944 1102 2056">
     <span class='ocr_line' id='line_1_5' title="bbox 183 1944 1102 2056; baseline 0.004 -29"><span class='ocrx_word' id='word_1_13' title='bbox 183 1961 288 2035; x_wconf 86' lang='lat' dir='ltr'><strong>lusor.</strong></span> <span class='ocrx_word' id='word_1_14' title='bbox 316 1960 436 2028; x_wconf 79' lang='lat' dir='ltr'>Aurelii</span> <span class='ocrx_word' id='word_1_15' title='bbox 506 1961 616 2027; x_wconf 79' lang='lat' dir='ltr'><strong>Aureli</strong></span> <span class='ocrx_word' id='word_1_16' title='bbox 640 1983 733 2029; x_wconf 85' lang='lat' dir='ltr'><strong>eras.</strong></span> <span class='ocrx_word' id='word_1_17' title='bbox 755 1961 760 2052; x_wconf 99' lang='grc' dir='ltr'>Ι</span> <span class='ocrx_word' id='word_1_18' title='bbox 783 1962 951 2053; x_wconf 78' lang='lat' dir='ltr'><strong>Augustini</strong></span> <span class='ocrx_word' id='word_1_19' title='bbox 1020 1944 1102 2056; x_wconf 51' lang='lat' dir='ltr'><strong>Iup.</strong></span> 
     </span>
    </p>

    <p class='ocr_par' dir='ltr' id='par_1_5' title="bbox 189 2081 1332 2175">
     <span class='ocr_line' id='line_1_6' title="bbox 189 2081 1332 2175; baseline 0.002 -26"><span class='ocrx_word' id='word_1_20' title='bbox 189 2081 267 2173; x_wconf 82' lang='lat' dir='ltr'><strong>Cap.</strong></span> <span class='ocrx_word' id='word_1_21' title='bbox 294 2083 309 2149; x_wconf 97' lang='lat' dir='ltr'>I</span> <span class='ocrx_word' id='word_1_22' title='bbox 332 2083 472 2150; x_wconf 81' lang='lat' dir='ltr'><strong>Musicae</strong></span> <span class='ocrx_word' id='word_1_23' title='bbox 495 2083 652 2150; x_wconf 87' lang='lat' dir='ltr'><strong>definitio.</strong></span> <span class='ocrx_word' id='word_1_24' title='bbox 700 2082 848 2151; x_wconf 79' lang='lat' dir='ltr'><em>Desunt.</em></span> <span class='ocrx_word' id='word_1_25' title='bbox 896 2108 927 2152; x_wconf 80' lang='lat' dir='ltr'><strong>r.</strong></span> <span class='ocrx_word' id='word_1_26' title='bbox 949 2088 968 2153; x_wconf 84' lang='lat'><strong>5</strong></span> <span class='ocrx_word' id='word_1_27' title='bbox 994 2087 1050 2175; x_wconf 90' lang='lat' dir='ltr'><strong>qui</strong></span> <span class='ocrx_word' id='word_1_28' title='bbox 1072 2098 1176 2151; x_wconf 88' lang='lat' dir='ltr'><strong>motus</strong></span> <span class='ocrx_word' id='word_1_29' title='bbox 1223 2085 1332 2158; x_wconf 76' lang='lat' dir='ltr'><strong>liuor.</strong></span> 
     </span>
    </p>

    <p class='ocr_par' dir='ltr' id='par_1_6' title="bbox 140 2202 1416 2658">
     <span class='ocr_line' id='line_1_7' title="bbox 187 2202 1334 2295; baseline 0.004 -25"><span class='ocrx_word' id='word_1_30' title='bbox 187 2202 265 2294; x_wconf 84' lang='lat' dir='ltr'><strong>Gap.</strong></span> <span class='ocrx_word' id='word_1_31' title='bbox 292 2204 341 2270; x_wconf 93' lang='lat' dir='ltr'><strong>III</strong></span> <span class='ocrx_word' id='word_1_32' title='bbox 364 2210 442 2271; x_wconf 80' lang='lat' dir='ltr'><strong>v.5</strong></span> <span class='ocrx_word' id='word_1_33' title='bbox 479 2205 585 2294; x_wconf 88' lang='lat' dir='ltr'><strong>aliqua</strong></span> <span class='ocrx_word' id='word_1_34' title='bbox 609 2203 666 2269; x_wconf 90' lang='lat' dir='ltr'><strong>sibi</strong></span> <span class='ocrx_word' id='word_1_35' title='bbox 737 2203 797 2269; x_wconf 91' lang='lat' dir='ltr'><strong>sibi</strong></span> <span class='ocrx_word' id='word_1_36' title='bbox 822 2205 928 2294; x_wconf 86' lang='lat' dir='ltr'><strong>aliqua</strong></span> <span class='ocrx_word' id='word_1_37' title='bbox 971 2204 977 2295; x_wconf 88' lang='grc' dir='ltr'>Ι</span> <span class='ocrx_word' id='word_1_38' title='bbox 1020 2231 1048 2273; x_wconf 83' lang='lat' dir='ltr'><strong>r.</strong></span> <span class='ocrx_word' id='word_1_39' title='bbox 1075 2214 1113 2272; x_wconf 92' lang='lat' dir='ltr'><strong>ll</strong></span> <span class='ocrx_word' id='word_1_40' title='bbox 1150 2208 1243 2274; x_wconf 89' lang='lat' dir='ltr'><strong>Il··ad</strong></span> <span class='ocrx_word' id='word_1_41' title='bbox 1268 2209 1334 2275; x_wconf 95' lang='lat' dir='ltr'>IIII</span> 
     </span>
     <span class='ocr_line' id='line_1_8' title="bbox 141 2321 1334 2418; baseline 0.007 -30"><span class='ocrx_word' id='word_1_42' title='bbox 141 2323 171 2388; x_wconf 92' lang='lat' dir='ltr'><strong>II</strong></span> <span class='ocrx_word' id='word_1_43' title='bbox 202 2338 232 2390; x_wconf 91' lang='lat' dir='ltr'><strong>et</strong></span> <span class='ocrx_word' id='word_1_44' title='bbox 263 2325 329 2391; x_wconf 93' lang='lat' dir='ltr'>IIII</span> <span class='ocrx_word' id='word_1_45' title='bbox 368 2321 374 2414; x_wconf 99' lang='grc' dir='ltr'>Ι</span> <span class='ocrx_word' id='word_1_46' title='bbox 413 2345 443 2389; x_wconf 83' lang='lat' dir='ltr'><strong>r.</strong></span> <span class='ocrx_word' id='word_1_47' title='bbox 481 2327 521 2389; x_wconf 89' lang='lat'><strong>13</strong></span> <span class='ocrx_word' id='word_1_48' title='bbox 557 2323 623 2390; x_wconf 93' lang='lat' dir='ltr'>IIII</span> <span class='ocrx_word' id='word_1_49' title='bbox 655 2324 695 2389; x_wconf 94' lang='lat' dir='ltr'><strong>ad</strong></span> <span class='ocrx_word' id='word_1_50' title='bbox 726 2324 772 2390; x_wconf 87' lang='lat' dir='ltr'><strong>XI</strong></span> <span class='ocrx_word' id='word_1_51' title='bbox 841 2325 908 2391; x_wconf 92' lang='lat' dir='ltr'>IIII</span> <span class='ocrx_word' id='word_1_52' title='bbox 932 2339 963 2391; x_wconf 89' lang='lat' dir='ltr'><strong>et</strong></span> <span class='ocrx_word' id='word_1_53' title='bbox 987 2326 1033 2392; x_wconf 89' lang='lat' dir='ltr'><strong>XI</strong></span> <span class='ocrx_word' id='word_1_54' title='bbox 1064 2325 1070 2418; x_wconf 97' lang='grc' dir='ltr'>Ι</span> <span class='ocrx_word' id='word_1_55' title='bbox 1102 2352 1132 2395; x_wconf 86' lang='lat' dir='ltr'><strong>r.</strong></span> <span class='ocrx_word' id='word_1_56' title='bbox 1161 2333 1202 2394; x_wconf 83' lang='grc'><strong>16</strong></span> <span class='ocrx_word' id='word_1_57' title='bbox 1236 2330 1334 2396; x_wconf 86' lang='lat' dir='ltr'><strong>habet</strong></span> 
     </span>
     <span class='ocr_line' id='line_1_9' title="bbox 140 2438 1331 2539; baseline 0.004 -29"><span class='ocrx_word' id='word_1_58' title='bbox 140 2446 296 2512; x_wconf 83' lang='lat' dir='ltr'><strong>minorem</strong></span> <span class='ocrx_word' id='word_1_59' title='bbox 366 2467 440 2510; x_wconf 87' lang='lat' dir='ltr'><strong>eum</strong></span> <span class='ocrx_word' id='word_1_60' title='bbox 470 2445 567 2511; x_wconf 87' lang='lat' dir='ltr'><strong>habet</strong></span> <span class='ocrx_word' id='word_1_61' title='bbox 600 2443 604 2535; x_wconf 95' lang='grc' dir='ltr'>Ι</span> <span class='ocrx_word' id='word_1_62' title='bbox 632 2438 666 2511; x_wconf 71' lang='lat' dir='ltr'><strong>s.</strong></span> <span class='ocrx_word' id='word_1_63' title='bbox 700 2448 738 2510; x_wconf 88' lang='grc'><strong>17</strong></span> <span class='ocrx_word' id='word_1_64' title='bbox 764 2446 794 2511; x_wconf 93' lang='lat' dir='ltr'><strong>II</strong></span> <span class='ocrx_word' id='word_1_65' title='bbox 817 2445 856 2511; x_wconf 89' lang='lat' dir='ltr'><strong>ad</strong></span> <span class='ocrx_word' id='word_1_66' title='bbox 880 2446 940 2511; x_wconf 87' lang='lat' dir='ltr'><strong>Illi</strong></span> <span class='ocrx_word' id='word_1_67' title='bbox 984 2447 1038 2520; x_wconf 75' lang='grc' dir='ltr'><strong>ιΙΙ</strong></span> <span class='ocrx_word' id='word_1_68' title='bbox 1062 2471 1080 2512; x_wconf 91' lang='lat' dir='ltr'><strong>a</strong></span> <span class='ocrx_word' id='word_1_69' title='bbox 1103 2448 1164 2514; x_wconf 92' lang='lat' dir='ltr'>IIII</span> <span class='ocrx_word' id='word_1_70' title='bbox 1196 2448 1201 2539; x_wconf 99' lang='grc' dir='ltr'>Ι</span> <span class='ocrx_word' id='word_1_71' title='bbox 1231 2467 1262 2516; x_wconf 79' lang='lat' dir='ltr'><strong>r.</strong></span> <span class='ocrx_word' id='word_1_72' title='bbox 1292 2455 1331 2515; x_wconf 89' lang='lat'><strong>19</strong></span> 
     </span>
     <span class='ocr_line' id='line_1_10' title="bbox 144 2544 1416 2658; baseline 0.002 -28"><span class='ocrx_word' id='word_1_73' title='bbox 144 2589 207 2655; x_wconf 87' lang='lat' dir='ltr'><strong>qua</strong></span> <span class='ocrx_word' id='word_1_74' title='bbox 230 2590 302 2658; x_wconf 82' lang='lat' dir='ltr'><strong>pars</strong></span> <span class='ocrx_word' id='word_1_75' title='bbox 371 2589 442 2657; x_wconf 90' lang='lat' dir='ltr'><strong>pars</strong></span> <span class='ocrx_word' id='word_1_76' title='bbox 467 2589 529 2656; x_wconf 90' lang='lat' dir='ltr'><strong>qna</strong></span> <span class='ocrx_word' id='word_1_77' title='bbox 1415 2544 1416 2547; x_wconf 8' lang='grc' dir='ltr'><strong>Ἴ</strong></span> 
     </span>
    </p>

    <p class='ocr_par' dir='ltr' id='par_1_7' title="bbox 191 2687 1003 2779">
     <span class='ocr_line' id='line_1_11' title="bbox 191 2687 1003 2779; baseline -0.002 -25"><span class='ocrx_word' id='word_1_78' title='bbox 191 2687 267 2779; x_wconf 82' lang='lat' dir='ltr'><strong>Cap.</strong></span> <span class='ocrx_word' id='word_1_79' title='bbox 292 2687 337 2755; x_wconf 80' lang='lat' dir='ltr'><strong>lv</strong></span> <span class='ocrx_word' id='word_1_80' title='bbox 361 2711 391 2754; x_wconf 84' lang='lat' dir='ltr'><strong>r.</strong></span> <span class='ocrx_word' id='word_1_81' title='bbox 421 2692 462 2753; x_wconf 85' lang='lat'><strong>14</strong></span> <span class='ocrx_word' id='word_1_82' title='bbox 498 2700 584 2753; x_wconf 83' lang='lat' dir='ltr'><strong>extra</strong></span> <span class='ocrx_word' id='word_1_83' title='bbox 608 2709 717 2777; x_wconf 85' lang='lat' dir='ltr'><strong>capae.</strong></span> <span class='ocrx_word' id='word_1_84' title='bbox 790 2687 872 2753; x_wconf 91' lang='lat' dir='ltr'><strong>ultra</strong></span> <span class='ocrx_word' id='word_1_85' title='bbox 897 2711 1003 2779; x_wconf 86' lang='lat' dir='ltr'><strong>capae.</strong></span> 
     </span>
    </p>

    <p class='ocr_par' dir='ltr' id='par_1_8' title="bbox 189 2807 1333 2900">
     <span class='ocr_line' id='line_1_12' title="bbox 189 2807 1333 2900; baseline 0.001 -25"><span class='ocrx_word' id='word_1_86' title='bbox 189 2807 267 2899; x_wconf 81' lang='lat' dir='ltr'><strong>Gap.</strong></span> <span class='ocrx_word' id='word_1_87' title='bbox 292 2809 321 2875; x_wconf 84' lang='lat' dir='ltr'><strong>V</strong></span> <span class='ocrx_word' id='word_1_88' title='bbox 346 2832 375 2874; x_wconf 86' lang='lat' dir='ltr'><strong>r.</strong></span> <span class='ocrx_word' id='word_1_89' title='bbox 402 2813 422 2874; x_wconf 87' lang='lat'><strong>3</strong></span> <span class='ocrx_word' id='word_1_90' title='bbox 450 2809 590 2898; x_wconf 84' lang='lat' dir='ltr'><strong>posueris</strong></span> <span class='ocrx_word' id='word_1_91' title='bbox 658 2808 740 2873; x_wconf 91' lang='lat' dir='ltr'><strong>forte</strong></span> <span class='ocrx_word' id='word_1_92' title='bbox 758 2810 898 2897; x_wconf 86' lang='lat' dir='ltr'><strong>posueris</strong></span> <span class='ocrx_word' id='word_1_93' title='bbox 929 2807 935 2900; x_wconf 96' lang='grc' dir='ltr'>Ι</span> <span class='ocrx_word' id='word_1_94' title='bbox 966 2833 995 2875; x_wconf 83' lang='lat' dir='ltr'><strong>v.</strong></span> <span class='ocrx_word' id='word_1_95' title='bbox 1018 2814 1037 2874; x_wconf 86' lang='lat'><strong>7</strong></span> <span class='ocrx_word' id='word_1_96' title='bbox 1060 2810 1134 2899; x_wconf 88' lang='lat' dir='ltr'><strong>quia</strong></span> <span class='ocrx_word' id='word_1_97' title='bbox 1157 2812 1212 2899; x_wconf 87' lang='lat' dir='ltr'><strong>qui</strong></span> <span class='ocrx_word' id='word_1_98' title='bbox 1259 2813 1333 2899; x_wconf 87' lang='lat' dir='ltr'><strong>quio</strong></span> 
     </span>
    </p>

    <p class='ocr_par' dir='ltr' id='par_1_9' title="bbox 947 2930 1335 3022">
     <span class='ocr_line' id='line_1_13' title="bbox 947 2930 1335 3022; baseline 0.003 -27"><span class='ocrx_word' id='word_1_99' title='bbox 947 2943 1091 3019; x_wconf 84' lang='lat' dir='ltr'><strong>correpta</strong></span> <span class='ocrx_word' id='word_1_100' title='bbox 1181 2930 1335 3022; x_wconf 87' lang='lat' dir='ltr'><strong>producta</strong></span> 
     </span>
    </p>

    <p class='ocr_par' dir='ltr' id='par_1_10' title="bbox 138 3017 1336 3114">
     <span class='ocr_line' id='line_1_14' title="bbox 138 3017 1336 3114; baseline 0 -26"><span class='ocrx_word' id='word_1_101' title='bbox 138 3023 175 3088; x_wconf 90' lang='lat' dir='ltr'><strong>hi</strong></span> <span class='ocrx_word' id='word_1_102' title='bbox 201 3020 257 3109; x_wconf 90' lang='lat' dir='ltr'><strong>qui</strong></span> <span class='ocrx_word' id='word_1_103' title='bbox 284 3017 290 3109; x_wconf 97' lang='grc' dir='ltr'>Ι</span> <span class='ocrx_word' id='word_1_104' title='bbox 317 3043 347 3087; x_wconf 81' lang='lat' dir='ltr'><strong>r.</strong></span> <span class='ocrx_word' id='word_1_105' title='bbox 366 3023 460 3111; x_wconf 85' lang='lat' dir='ltr'><strong>8pro</strong></span> <span class='ocrx_word' id='word_1_106' title='bbox 477 3032 621 3109; x_wconf 83' lang='lat' dir='ltr'><strong>correpta</strong></span> <span class='ocrx_word' id='word_1_107' title='bbox 643 3041 707 3083; x_wconf 91' lang='lat' dir='ltr'><strong>non</strong></span> <span class='ocrx_word' id='word_1_108' title='bbox 728 3018 881 3109; x_wconf 84' lang='lat' dir='ltr'><strong>producta</strong></span> <span class='ocrx_word' id='word_1_109' title='bbox 939 3021 1093 3112; x_wconf 85' lang='lat' dir='ltr'><strong>producto</strong></span> <span class='ocrx_word' id='word_1_110' title='bbox 1111 3045 1175 3087; x_wconf 92' lang='lat' dir='ltr'><strong>non</strong></span> <span class='ocrx_word' id='word_1_111' title='bbox 1193 3035 1336 3114; x_wconf 86' lang='lat' dir='ltr'><strong>correpta</strong></span> 
     </span>
    </p>

    <p class='ocr_par' dir='ltr' id='par_1_11' title="bbox 188 3139 1331 3255">
     <span class='ocr_line' id='line_1_15' title="bbox 188 3163 836 3255; baseline 0.003 -28"><span class='ocrx_word' id='word_1_112' title='bbox 188 3163 264 3255; x_wconf 85' lang='lat' dir='ltr'><strong>Gap.</strong></span> <span class='ocrx_word' id='word_1_113' title='bbox 290 3163 335 3230; x_wconf 85' lang='lat' dir='ltr'><strong>VI</strong></span> <span class='ocrx_word' id='word_1_114' title='bbox 358 3165 457 3229; x_wconf 83' lang='lat' dir='ltr'>r..15</span> <span class='ocrx_word' id='word_1_115' title='bbox 494 3176 630 3252; x_wconf 88' lang='lat' dir='ltr'><strong>utroque</strong></span> <span class='ocrx_word' id='word_1_116' title='bbox 700 3175 836 3252; x_wconf 85' lang='lat' dir='ltr'><strong>utraque</strong></span> 
     </span>
    </p>

    <p class='ocr_par' dir='ltr' id='par_1_12' title="bbox 190 3267 1334 3379">
     <span class='ocr_line' id='line_1_16' title="bbox 190 3267 1334 3379; baseline 0.003 -27"><span class='ocrx_word' id='word_1_117' title='bbox 190 3284 270 3374; x_wconf 82' lang='lat' dir='ltr'><strong>Gap.</strong></span> <span class='ocrx_word' id='word_1_118' title='bbox 298 3267 482 3351; x_wconf 56' lang='lat'><strong>1111&#39;16</strong></span> <span class='ocrx_word' id='word_1_119' title='bbox 520 3285 657 3351; x_wconf 81' lang='lat' dir='ltr'><strong>Tametsi</strong></span> <span class='ocrx_word' id='word_1_120' title='bbox 725 3285 818 3349; x_wconf 88' lang='lat' dir='ltr'><strong>tamsi</strong></span> <span class='ocrx_word' id='word_1_121' title='bbox 849 3282 856 3376; x_wconf 96' lang='grc' dir='ltr'>Ι</span> <span class='ocrx_word' id='word_1_122' title='bbox 887 3308 917 3351; x_wconf 85' lang='lat' dir='ltr'><strong>r.</strong></span> <span class='ocrx_word' id='word_1_123' title='bbox 938 3289 980 3351; x_wconf 85' lang='lat'><strong>27</strong></span> <span class='ocrx_word' id='word_1_124' title='bbox 1005 3309 1095 3377; x_wconf 83' lang='lat' dir='ltr'><strong>posse</strong></span> <span class='ocrx_word' id='word_1_125' title='bbox 1163 3288 1223 3355; x_wconf 88' lang='lat' dir='ltr'><strong>sibi</strong></span> <span class='ocrx_word' id='word_1_126' title='bbox 1246 3312 1334 3379; x_wconf 88' lang='lat' dir='ltr'><strong>posse</strong></span> 
     </span>
    </p>
   </div>
   <div class='ocr_carea' id='block_1_5' title="bbox 192 3404 1444 3498">
    <p class='ocr_par' dir='ltr' id='par_1_13' title="bbox 192 3404 1444 3498">
     <span class='ocr_line' id='line_1_17' title="bbox 192 3404 1444 3498; baseline 0.002 -25"><span class='ocrx_word' id='word_1_127' title='bbox 192 3405 271 3498; x_wconf 79' lang='lat' dir='ltr'><strong>Gap.</strong></span> <span class='ocrx_word' id='word_1_128' title='bbox 299 3406 377 3472; x_wconf 79' lang='lat' dir='ltr'><strong>vul</strong></span> <span class='ocrx_word' id='word_1_129' title='bbox 400 3429 430 3472; x_wconf 80' lang='lat' dir='ltr'><strong>r.</strong></span> <span class='ocrx_word' id='word_1_130' title='bbox 458 3411 478 3472; x_wconf 87' lang='lat'><strong>3</strong></span> <span class='ocrx_word' id='word_1_131' title='bbox 502 3406 588 3473; x_wconf 83' lang='lat' dir='ltr'><strong>velut</strong></span> <span class='ocrx_word' id='word_1_132' title='bbox 656 3407 706 3473; x_wconf 80' lang='lat' dir='ltr'><strong>rel</strong></span> <span class='ocrx_word' id='word_1_133' title='bbox 738 3404 743 3495; x_wconf 99' lang='grc' dir='ltr'>Ι</span> <span class='ocrx_word' id='word_1_134' title='bbox 775 3430 805 3473; x_wconf 86' lang='lat' dir='ltr'><strong>v.</strong></span> <span class='ocrx_word' id='word_1_135' title='bbox 833 3411 874 3473; x_wconf 71' lang='lat'><strong>25</strong></span> <span class='ocrx_word' id='word_1_136' title='bbox 900 3431 1005 3473; x_wconf 81' lang='lat' dir='ltr'><strong>versus</strong></span> <span class='ocrx_word' id='word_1_137' title='bbox 1029 3421 1076 3475; x_wconf 88' lang='lat' dir='ltr'><strong>est</strong></span> <span class='ocrx_word' id='word_1_138' title='bbox 1145 3432 1249 3474; x_wconf 82' lang='lat' dir='ltr'><strong>versus</strong></span> <span class='ocrx_word' id='word_1_139' title='bbox 1271 3424 1303 3481; x_wconf 64' lang='grc' dir='ltr'>ὠ</span> <span class='ocrx_word' id='word_1_140' title='bbox 1442 3485 1444 3490; x_wconf 88' lang='lat'><em>.</em></span> 
     </span>
    </p>
   </div>
   <div class='ocr_carea' id='block_1_6' title="bbox 144 3527 1350 4344">
    <p class='ocr_par' dir='ltr' id='par_1_14' title="bbox 146 3527 1335 3737">
     <span class='ocr_line' id='line_1_18' title="bbox 192 3527 1335 3619; baseline 0.002 -25"><span class='ocrx_word' id='word_1_141' title='bbox 192 3527 269 3618; x_wconf 78' lang='lat' dir='ltr'><strong>Gap.</strong></span> <span class='ocrx_word' id='word_1_142' title='bbox 294 3529 340 3595; x_wconf 85' lang='lat' dir='ltr'><strong>IX</strong></span> <span class='ocrx_word' id='word_1_143' title='bbox 376 3541 471 3618; x_wconf 87' lang='lat' dir='ltr'><strong>atque</strong></span> <span class='ocrx_word' id='word_1_144' title='bbox 540 3552 640 3619; x_wconf 90' lang='lat' dir='ltr'><strong>aeque</strong></span> <span class='ocrx_word' id='word_1_145' title='bbox 683 3527 689 3619; x_wconf 98' lang='grc' dir='ltr'>Ι</span> <span class='ocrx_word' id='word_1_146' title='bbox 732 3552 761 3594; x_wconf 82' lang='lat' dir='ltr'><strong>r.</strong></span> <span class='ocrx_word' id='word_1_147' title='bbox 789 3535 808 3594; x_wconf 90' lang='lat'>5</span> <span class='ocrx_word' id='word_1_148' title='bbox 833 3529 963 3618; x_wconf 91' lang='lat' dir='ltr'><strong>inpulsu</strong></span> <span class='ocrx_word' id='word_1_149' title='bbox 1031 3528 1170 3618; x_wconf 91' lang='lat' dir='ltr'><strong>impulsu</strong></span> <span class='ocrx_word' id='word_1_150' title='bbox 1213 3527 1218 3619; x_wconf 97' lang='grc' dir='ltr'>Ι</span> <span class='ocrx_word' id='word_1_151' title='bbox 1257 3535 1335 3596; x_wconf 61' lang='grc' dir='ltr'><strong>ιθ</strong></span> 
     </span>
     <span class='ocr_line' id='line_1_19' title="bbox 146 3647 1285 3737; baseline 0.002 -25"><span class='ocrx_word' id='word_1_152' title='bbox 146 3668 260 3712; x_wconf 90' lang='lat' dir='ltr'><strong>sonum</strong></span> <span class='ocrx_word' id='word_1_153' title='bbox 282 3649 326 3712; x_wconf 89' lang='lat' dir='ltr'><strong>ita</strong></span> <span class='ocrx_word' id='word_1_154' title='bbox 394 3672 474 3714; x_wconf 88' lang='lat' dir='ltr'><strong>sonu</strong></span> <span class='ocrx_word' id='word_1_155' title='bbox 496 3649 540 3713; x_wconf 86' lang='lat' dir='ltr'><strong>ita</strong></span> <span class='ocrx_word' id='word_1_156' title='bbox 564 3661 596 3713; x_wconf 85' lang='lat' dir='ltr'><strong>et</strong></span> <span class='ocrx_word' id='word_1_157' title='bbox 628 3648 634 3737; x_wconf 97' lang='grc' dir='ltr'>Ι</span> <span class='ocrx_word' id='word_1_158' title='bbox 666 3672 695 3714; x_wconf 83' lang='lat' dir='ltr'><strong>r.</strong></span> <span class='ocrx_word' id='word_1_159' title='bbox 725 3651 765 3712; x_wconf 89' lang='grc'><strong>10</strong></span> <span class='ocrx_word' id='word_1_160' title='bbox 789 3660 821 3712; x_wconf 90' lang='lat' dir='ltr'><strong>et</strong></span> <span class='ocrx_word' id='word_1_161' title='bbox 845 3647 992 3737; x_wconf 77' lang='lat' dir='ltr'><strong>cymbala</strong></span> <span class='ocrx_word' id='word_1_162' title='bbox 1062 3650 1124 3714; x_wconf 83' lang='lat' dir='ltr'><strong>sire</strong></span> <span class='ocrx_word' id='word_1_163' title='bbox 1149 3649 1285 3714; x_wconf 83' lang='lat' dir='ltr'><strong>cimbala</strong></span> 
     </span>
    </p>

    <p class='ocr_par' dir='ltr' id='par_1_15' title="bbox 144 3758 1350 4344">
     <span class='ocr_line' id='line_1_20' title="bbox 194 3758 1336 3862; baseline 0.004 -27"><span class='ocrx_word' id='word_1_164' title='bbox 194 3765 271 3860; x_wconf 78' lang='lat' dir='ltr'><strong>Gap.</strong></span> <span class='ocrx_word' id='word_1_165' title='bbox 309 3769 337 3838; x_wconf 90' lang='lat' dir='ltr'>X</span> <span class='ocrx_word' id='word_1_166' title='bbox 372 3795 400 3837; x_wconf 85' lang='lat' dir='ltr'><strong>r.</strong></span> <span class='ocrx_word' id='word_1_167' title='bbox 438 3773 458 3836; x_wconf 90' lang='grc'><strong>6</strong></span> <span class='ocrx_word' id='word_1_168' title='bbox 499 3768 552 3834; x_wconf 88' lang='lat' dir='ltr'><strong>hio</strong></span> <span class='ocrx_word' id='word_1_169' title='bbox 582 3758 882 3860; x_wconf 73' lang='lat' dir='ltr'><strong>prooeleusmatiou‘s</strong></span> <span class='ocrx_word' id='word_1_170' title='bbox 906 3770 1073 3858; x_wconf 72' lang='lat' dir='ltr'><strong>rhythmus</strong></span> <span class='ocrx_word' id='word_1_171' title='bbox 1142 3769 1203 3838; x_wconf 89' lang='lat' dir='ltr'><strong>hoo</strong></span> <span class='ocrx_word' id='word_1_172' title='bbox 1227 3796 1336 3862; x_wconf 90' lang='lat' dir='ltr'><strong>prooe-</strong></span> 
     </span>
     <span class='ocr_line' id='line_1_21' title="bbox 144 3887 1337 3985; baseline 0.004 -28"><span class='ocrx_word' id='word_1_173' title='bbox 144 3891 367 3957; x_wconf 86' lang='lat' dir='ltr'><strong>leusmatioum</strong></span> <span class='ocrx_word' id='word_1_174' title='bbox 405 3891 560 3956; x_wconf 90' lang='lat' dir='ltr'><strong>rithmum</strong></span> <span class='ocrx_word' id='word_1_175' title='bbox 592 3887 597 3979; x_wconf 99' lang='grc' dir='ltr'>Ι</span> <span class='ocrx_word' id='word_1_176' title='bbox 629 3913 658 3956; x_wconf 82' lang='lat' dir='ltr'><strong>r.</strong></span> <span class='ocrx_word' id='word_1_177' title='bbox 701 3895 740 3956; x_wconf 87' lang='lat'><strong>15</strong></span> <span class='ocrx_word' id='word_1_178' title='bbox 777 3889 922 3979; x_wconf 66' lang='lat' dir='ltr'><strong>dactylus</strong></span> <span class='ocrx_word' id='word_1_179' title='bbox 958 3906 1124 3983; x_wconf 80' lang='lat' dir='ltr'><strong>anapestus</strong></span> <span class='ocrx_word' id='word_1_180' title='bbox 1154 3895 1337 3985; x_wconf 86' lang='lat' dir='ltr'><strong>proceleus-</strong></span> 
     </span>
     <span class='ocr_line' id='line_1_22' title="bbox 144 4011 1350 4103; baseline 0.006 -28"><span class='ocrx_word' id='word_1_181' title='bbox 144 4013 280 4076; x_wconf 86' lang='lat' dir='ltr'><strong>maticus</strong></span> <span class='ocrx_word' id='word_1_182' title='bbox 360 4012 514 4078; x_wconf 86' lang='lat' dir='ltr'><strong>dactilum</strong></span> <span class='ocrx_word' id='word_1_183' title='bbox 538 4024 723 4102; x_wconf 83' lang='lat' dir='ltr'><strong>anapestum</strong></span> <span class='ocrx_word' id='word_1_184' title='bbox 747 4011 1049 4101; x_wconf 83' lang='lat' dir='ltr'><strong>proceleumaticum</strong></span> <span class='ocrx_word' id='word_1_185' title='bbox 1081 4011 1087 4103; x_wconf 96' lang='grc' dir='ltr'>Ι</span> <span class='ocrx_word' id='word_1_186' title='bbox 1118 4037 1148 4080; x_wconf 85' lang='lat' dir='ltr'><strong>r.</strong></span> <span class='ocrx_word' id='word_1_187' title='bbox 1175 4018 1218 4080; x_wconf 84' lang='lat'><strong>29</strong></span> <span class='ocrx_word' id='word_1_188' title='bbox 1265 4018 1350 4082; x_wconf 86' lang='lat' dir='ltr'><strong>sim·&#39;</strong></span> 
     </span>
     <span class='ocr_line' id='line_1_23' title="bbox 145 4131 1337 4228; baseline 0.009 -35"><span class='ocrx_word' id='word_1_189' title='bbox 145 4131 236 4221; x_wconf 89' lang='lat' dir='ltr'><strong>plum</strong></span> <span class='ocrx_word' id='word_1_190' title='bbox 271 4143 302 4196; x_wconf 88' lang='lat' dir='ltr'><strong>et</strong></span> <span class='ocrx_word' id='word_1_191' title='bbox 337 4131 470 4223; x_wconf 90' lang='lat' dir='ltr'><strong>duplum</strong></span> <span class='ocrx_word' id='word_1_192' title='bbox 550 4133 697 4223; x_wconf 88' lang='lat' dir='ltr'><strong>simplam</strong></span> <span class='ocrx_word' id='word_1_193' title='bbox 732 4145 762 4198; x_wconf 84' lang='lat' dir='ltr'><strong>et</strong></span> <span class='ocrx_word' id='word_1_194' title='bbox 798 4132 928 4224; x_wconf 89' lang='lat' dir='ltr'><strong>duplam</strong></span> <span class='ocrx_word' id='word_1_195' title='bbox 972 4131 977 4223; x_wconf 97' lang='grc' dir='ltr'>Ι</span> <span class='ocrx_word' id='word_1_196' title='bbox 1022 4158 1051 4200; x_wconf 86' lang='lat' dir='ltr'><strong>r.</strong></span> <span class='ocrx_word' id='word_1_197' title='bbox 1078 4140 1121 4202; x_wconf 88' lang='lat'><strong>30</strong></span> <span class='ocrx_word' id='word_1_198' title='bbox 1156 4149 1337 4228; x_wconf 89' lang='lat' dir='ltr'><strong>temporum</strong></span> 
     </span>
     <span class='ocr_line' id='line_1_24' title="bbox 147 4250 1088 4344; baseline 0.005 -27"><span class='ocrx_word' id='word_1_199' title='bbox 147 4251 341 4341; x_wconf 88' lang='lat' dir='ltr'><strong>temporibus</strong></span> <span class='ocrx_word' id='word_1_200' title='bbox 380 4250 386 4343; x_wconf 94' lang='grc' dir='ltr'>Ι</span> <span class='ocrx_word' id='word_1_201' title='bbox 421 4276 451 4319; x_wconf 80' lang='lat' dir='ltr'><strong>r.</strong></span> <span class='ocrx_word' id='word_1_202' title='bbox 479 4257 521 4319; x_wconf 81' lang='lat'><strong>38</strong></span> <span class='ocrx_word' id='word_1_203' title='bbox 551 4254 737 4343; x_wconf 87' lang='lat' dir='ltr'><strong>posteriores</strong></span> <span class='ocrx_word' id='word_1_204' title='bbox 761 4265 834 4320; x_wconf 89' lang='lat' dir='ltr'><strong>sunt</strong></span> <span class='ocrx_word' id='word_1_205' title='bbox 902 4256 1088 4344; x_wconf 90' lang='lat' dir='ltr'><strong>posteriores</strong></span> 
     </span>
    </p>
   </div>
   <div class='ocr_carea' id='block_1_7' title="bbox 193 4371 1339 4470">
    <p class='ocr_par' dir='ltr' id='par_1_16' title="bbox 193 4371 1339 4470">
     <span class='ocr_line' id='line_1_25' title="bbox 193 4371 1339 4470; baseline 0.004 -29"><span class='ocrx_word' id='word_1_206' title='bbox 193 4373 272 4465; x_wconf 78' lang='lat' dir='ltr'><strong>Gap.</strong></span> <span class='ocrx_word' id='word_1_207' title='bbox 299 4372 344 4439; x_wconf 88' lang='lat' dir='ltr'><strong>XI</strong></span> <span class='ocrx_word' id='word_1_208' title='bbox 367 4387 496 4464; x_wconf 87' lang='lat' dir='ltr'><strong>possunt</strong></span> <span class='ocrx_word' id='word_1_209' title='bbox 564 4374 684 4464; x_wconf 89' lang='lat' dir='ltr'><strong>possint</strong></span> <span class='ocrx_word' id='word_1_210' title='bbox 716 4371 723 4462; x_wconf 96' lang='grc' dir='ltr'>Ι</span> <span class='ocrx_word' id='word_1_211' title='bbox 754 4397 784 4440; x_wconf 84' lang='lat' dir='ltr'><strong>r.</strong></span> <span class='ocrx_word' id='word_1_212' title='bbox 812 4380 830 4440; x_wconf 87' lang='lat'>5</span> <span class='ocrx_word' id='word_1_213' title='bbox 856 4375 938 4442; x_wconf 89' lang='lat' dir='ltr'><strong>duae</strong></span> <span class='ocrx_word' id='word_1_214' title='bbox 961 4378 1081 4468; x_wconf 89' lang='lat' dir='ltr'><strong>possint</strong></span> <span class='ocrx_word' id='word_1_215' title='bbox 1149 4377 1226 4444; x_wconf 87' lang='lat' dir='ltr'><strong>duas</strong></span> <span class='ocrx_word' id='word_1_216' title='bbox 1249 4404 1339 4470; x_wconf 86' lang='lat' dir='ltr'><strong>possa</strong></span> 
     </span>
    </p>
   </div>
   <div class='ocr_carea' id='block_1_8' title="bbox 191 4493 1334 4720">
    <p class='ocr_par' dir='ltr' id='par_1_17' title="bbox 191 4493 1334 4720">
     <span class='ocr_line' id='line_1_26' title="bbox 191 4493 1334 4586; baseline 0.005 -26"><span class='ocrx_word' id='word_1_217' title='bbox 191 4494 269 4586; x_wconf 80' lang='lat' dir='ltr'><strong>Gap.</strong></span> <span class='ocrx_word' id='word_1_218' title='bbox 294 4495 356 4561; x_wconf 85' lang='lat' dir='ltr'><strong>XII</strong></span> <span class='ocrx_word' id='word_1_219' title='bbox 379 4518 408 4560; x_wconf 82' lang='lat' dir='ltr'><strong>r.</strong></span> <span class='ocrx_word' id='word_1_220' title='bbox 427 4499 467 4559; x_wconf 88' lang='grc'><strong>10</strong></span> <span class='ocrx_word' id='word_1_221' title='bbox 491 4495 596 4586; x_wconf 87' lang='lat' dir='ltr'><strong>aliqua</strong></span> <span class='ocrx_word' id='word_1_222' title='bbox 667 4494 788 4583; x_wconf 90' lang='lat' dir='ltr'><strong>aliquid</strong></span> <span class='ocrx_word' id='word_1_223' title='bbox 821 4493 826 4585; x_wconf 97' lang='grc' dir='ltr'>Ι</span> <span class='ocrx_word' id='word_1_224' title='bbox 859 4520 888 4563; x_wconf 87' lang='lat' dir='ltr'><strong>v.</strong></span> <span class='ocrx_word' id='word_1_225' title='bbox 908 4503 947 4564; x_wconf 84' lang='lat'><strong>14</strong></span> <span class='ocrx_word' id='word_1_226' title='bbox 972 4497 1035 4565; x_wconf 89' lang='lat' dir='ltr'><strong>Sed</strong></span> <span class='ocrx_word' id='word_1_227' title='bbox 1058 4499 1118 4564; x_wconf 88' lang='lat' dir='ltr'><strong>hoo</strong></span> <span class='ocrx_word' id='word_1_228' title='bbox 1189 4498 1241 4565; x_wconf 89' lang='lat' dir='ltr'><strong>sed</strong></span> <span class='ocrx_word' id='word_1_229' title='bbox 1255 4499 1334 4566; x_wconf 84' lang='lat' dir='ltr'><strong>haee</strong></span> 
     </span>
     <span class='ocr_line' id='line_1_27' title="bbox 194 4613 784 4720; baseline -0.003 -37"><span class='ocrx_word' id='word_1_230' title='bbox 194 4613 271 4706; x_wconf 78' lang='lat' dir='ltr'><strong>Gap.</strong></span> <span class='ocrx_word' id='word_1_231' title='bbox 300 4616 378 4683; x_wconf 83' lang='lat' dir='ltr'>XIII</span> <span class='ocrx_word' id='word_1_232' title='bbox 402 4640 432 4682; x_wconf 82' lang='lat' dir='ltr'><strong>r.</strong></span> <span class='ocrx_word' id='word_1_233' title='bbox 459 4621 478 4683; x_wconf 88' lang='lat'><strong>3</strong></span> <span class='ocrx_word' id='word_1_234' title='bbox 510 4629 634 4682; x_wconf 88' lang='lat' dir='ltr'><strong>tantum</strong></span> <span class='ocrx_word' id='word_1_235' title='bbox 698 4617 784 4720; x_wconf 83' lang='lat' dir='ltr'><strong>tanti</strong></span> 
     </span>
    </p>
   </div>
   <div class='ocr_carea' id='block_1_9' title="bbox 0 0 1491 5182">
    <p class='ocr_par' dir='ltr' id='par_1_18' title="bbox 0 0 1491 5182">
     <span class='ocr_line' id='line_1_28' title="bbox 0 0 1491 5182; baseline 0 0"><span class='ocrx_word' id='word_1_236' title='bbox 0 0 1491 5182; x_wconf 95' lang='lat' dir='ltr'><strong> </strong></span> 
     </span>
    </p>
   </div>
  </div>
 </body>
</html>
