2946 5182
608 367 870 419 nunnusrroucs.
1270 358 1333 426 183

142 561 218 606 rnen
248 536 337 602 ralde
370 538 468 603 miror
498 536 681 626 Kcmpfium
704 537 920 629 subscripsisse
944 537 1129 609 Drumanno
1151 539 1219 619 Ill,
1247 543 1332 612 195:

142 659 218 724 «de
251 657 428 725 voluntaria
459 656 492 724 G.
530 659 645 728 Licinii
676 671 777 725 morte
808 658 986 738 dubitanti,
1012 673 1140 729 enimet
1163 660 1270 733 Cicero
1294 661 1334 732 ad

143 779 210 846 litt.
240 779 276 859 1,
302 784 322 844 4
350 777 374 868 3
401 783 420 843 2
444 791 476 845 et
501 779 688 847 Plutarchus
705 789 792 870 post
814 779 1051 848 damnationem
1075 805 1149 847 eum
1171 795 1334 853 mortuum

142 924 210 968 esse
234 900 459 968 tradiderint.»
501 899 542 967 dt
573 899 692 967 nodum
714 900 749 970 in
772 901 873 990 scirpo
892 915 1056 991 ,quaeruut
1068 951 1076 981 ,
1102 925 1176 972 nent
1198 926 1335 993 poenam

142 1033 246 1097 morte
279 1020 355 1087 dum
382 1021 606 1111 praecurrebat
637 1022 764 1100 Macer,
790 1024 964 1092 sententiae
985 1022 1221 1101 diribebantur,
1246 1025 1336 1113 atqui

143 1142 356 1208 damnabatur
380 1143 522 1208 omnium
545 1142 700 1232 suffragiis
723 1143 790 1232 ipso
814 1144 923 1213 mortis
946 1157 1127 1222 momento,
1152 1143 1204 1212 sed
1228 1144 1335 1211 Cicero

143 1262 185 1328 de
212 1264 279 1328 eius
312 1262 513 1330 damnatione
545 1263 626 1331 nihil
654 1265 890 1354 pronuntiavit,
926 1287 966 1331 ne
1001 1265 1084 1333 bona
1120 1264 1204 1330 illius
1227 1265 1335 1333 hastae

144 1383 393 1463 subiicerentur,
421 1385 505 1451 lecto
530 1397 636 1451 autem
658 1383 887 1454 damnauerunt
910 1406 983 1454 euru
1003 1384 1139 1464 iudices,
1167 1398 1198 1455 et
1212 1385 1333 1456 Tullius

144 1505 263 1593 optime
298 1504 434 1570 scribere
471 1506 575 1594 potuit
606 1504 785 1573 «damnato
810 1505 963 1583 Macron>
993 1506 1115 1576 etiamsi
1141 1503 1336 1576 damnationi

145 1625 269 1692 deesset
291 1626 507 1715 pronuntiatio
530 1627 693 1715 praetoris,

192 1746 293 1812 Maius
317 1745 402 1813 dedit
425 1746 486 1813 hoc
511 1746 581 1813 eod.
607 1745 681 1835 Cap,
708 1744 732 1834 S
756 1750 815 1817 14:
843 1744 950 1816 attilo
971 1745 1163 1816 Crotoniates
1181 1770 1335 1836 quercum

148 1870 258 1933 cuneis
294 1865 438 1934 adactam
472 1867 620 1934 divellere
656 1878 803 1943 oonntur,
839 1867 972 1936 excussit
1003 1889 1131 1936 cuneos.
1168 1868 1335 1935 Manibus

150 1991 334 2079 oppressis
364 2010 381 2052 a
412 1988 485 2054 feris
516 1988 671 2055 laceratus
694 1999 784 2065 cst.,»
807 1985 884 2054 dum
907 1985 1004 2054 ruder
1027 1986 1157 2075 praebet
1181 1987 1263 2056 hanc
1286 1991 1337 2057 in·

147 2108 402 2198 terpnnctionem
438 2109 603 2175 «excussit
637 2131 753 2177 cuneos
783 2107 962 2186 monibus,
996 2130 1184 2197 oppressos
1215 2132 1233 2172 a
1263 2110 1336 2178 feris

98 2320 103 2326 ¹
152 2230 309 2296 laceratus
342 2241 427 2296 est.»
467 2228 530 2297 Sed
552 2228 638 2297 houd
661 2229 726 2296 scio
750 2251 789 2297 en
811 2228 893 2299 boec
915 2227 1009 2299 lectio
1032 2230 1232 2318 epitomatori
1254 2243 1338 2300 recte

150 2350 369 2427 abiudicetur,
406 2349 432 2415 si
464 2349 550 2416 enim
585 2348 624 2415 ad
649 2348 766 2417 Valerii
789 2347 969 2418 uberiorem
993 2350 1180 2438 scripturam
1204 2350 1268 2430 lX,
1296 2355 1336 2420 12

150 2472 221 2538 Ert.
244 2469 302 2560 39
324 2467 469 2535 Paridem
490 2468 644 2558 refingere
664 2469 757 2547 licet,
779 2468 891 2557 quidni
910 2491 1098 2558 reponamus
1116 2475 1335 2561 conpressis,

151 2592 236 2681 quod
265 2592 353 2658 locus
383 2591 538 2680 requirit,
570 2603 606 2657 ut
638 2590 758 2658 Gellius
788 2590 827 2659 de
852 2589 962 2660 eedem
986 2614 1019 2657 re
1043 2592 1165 2679 scripsit
1190 2591 1268 2661 XV.
1296 2594 1336 2658 16

152 2713 328 2779 «manibus
352 2713 480 2779 retentis
504 2711 734 2800 inclusisque.»

649 2939 798 2948 ψ

198 3074 243 3139 Er
274 3073 334 3139 hac
364 3073 448 3140 laeta
468 3072 726 3139 emendationum
750 3084 853 3160 segete
877 3070 948 3141 luce
971 3072 1086 3141 clarius
1111 3073 1276 3160 apparuit,
1302 3074 1336 3138 ni

152 3195 263 3272 fallor,
293 3194 380 3261 haud
409 3217 525 3260 vanum
548 3216 656 3263 meum
679 3193 772 3264 tube
795 3192 952 3268 laborem.
975 3191 1117 3263 codicem
1140 3205 1205 3260 tam
1229 3194 1339 3260 enimi-

152 3339 208 3381 um
231 3329 263 3382 et
285 3315 488 3382 emendatum
512 3315 616 3382 denuo
640 3315 672 3382 in
696 3337 827 3382 eramen
850 3314 1001 3383 vocantis.
1050 3314 1119 3384 lmo
1154 3315 1238 3380 illius
1272 3315 1338 3381 lec·

153 3438 247 3503 tionis
277 3436 426 3502 varietate
462 3435 539 3502 adeo
575 3448 741 3506 contentus
775 3437 839 3515 lui,
881 3449 916 3507 ut
950 3435 1089 3507 eiusdem
1121 3435 1240 3505 Paridis
1265 3435 1340 3503 alte·

153 3581 226 3622 rum
262 3557 403 3623 codicem
438 3558 471 3622 in
499 3557 577 3626 bibl.
610 3557 711 3623 Vatic.
744 3556 801 3627 ΝΟ.
837 3560 923 3624 3337
958 3555 1038 3626 mihi
1068 3554 1247 3645 praebitum
1275 3580 1339 3622 non

153 3678 283 3744 libuerit
306 3677 461 3754 conferre;
485 3690 532 3742 est
549 3679 633 3746 enim
654 3679 711 3746 iste
730 3677 812 3746 liber
824 3677 977 3766 scripture
989 3677 1082 3765 longe
1095 3677 1268 3744 recentiore
1279 3698 1340 3745 nec

154 3822 228 3865 aero
259 3798 472 3866 emendatiore
499 3797 617 3866 saeculi
645 3797 762 3864 decimi
791 3798 916 3886 quinti,
949 3797 1207 3866 membranaceus
1228 3799 1262 3866 in
1285 3821 1339 3864 oc-

155 3932 247 3998 taro,
281 3932 315 3984 ut
341 3917 477 3984 initiales
501 3941 579 3986 auro
602 3918 822 4008 coloribusque
845 3919 1060 3986 ornatissimae
1083 3917 1217 3997 docent,
1242 3943 1339 3986 manu

156 4040 383 4129 negligentiore
402 4041 434 4106 iu
455 4039 521 4105 eins
538 4037 749 4107 bibliothecae
766 4062 858 4108 usum
871 4039 1085 4128 conscriptus,
1107 4040 1341 4107 cuiusstemma

154 4161 320 4250 triangulis
344 4161 446 4228 rubris
470 4160 635 4249 aureisque
656 4172 801 4227 constans
821 4160 944 4229 etiamsi
962 4172 1069 4249 postea
1090 4159 1258 4227 evanidum
1273 4161 1340 4227 lac-

155 4296 225 4348 tum
254 4283 287 4348 in
320 4281 412 4347 titulo
436 4294 576 4371 apparet.
624 4279 659 4347 si
681 4282 745 4350 iam
769 4281 852 4348 Maio
883 4280 1024 4351 libuisset
1052 4281 1138 4349 adire
1170 4282 1341 4349 Vaticanae

155 4403 366 4469 bibliothecae
402 4401 563 4481 ludicem,
600 4400 639 4466 ad
680 4423 776 4489 quem
804 4400 895 4469 nobis
926 4401 1121 4480 Barbaria,
1155 4415 1190 4468 ut
1222 4404 1255 4468 in
1286 4402 1340 4468 illo

159 4523 306 4610 (ridicula
339 4522 476 4613 quadam
505 4523 674 4602 iactantia,
699 4521 850 4589 Romanis
873 4523 1010 4611 antiquis
1035 4535 1183 4611 quaeest
1212 4520 1341 4611 indigna

157 4644 293 4723 vanitas,
325 4642 484 4712 hodiernis
515 4667 586 4712 raro
610 4642 769 4733 indignior
791 4642 1018 4733 impudentia),
1044 4644 1141 4711 exteri
1168 4643 1341 4731 elegantius
