<?xml version="1.0" encoding="UTF-8"?>
<!DOCTYPE html PUBLIC "-//W3C//DTD XHTML 1.0 Transitional//EN"
    "http://www.w3.org/TR/xhtml1/DTD/xhtml1-transitional.dtd">
<html xmlns="http://www.w3.org/1999/xhtml" xml:lang="en" lang="en">
 <head>
  <title>
</title>
<meta http-equiv="Content-Type" content="text/html;charset=utf-8" />
  <meta name='ocr-system' content='tesseract 3.04.00' />
  <meta name='ocr-capabilities' content='ocr_page ocr_carea ocr_par ocr_line ocrx_word'/>
</head>
<body>
  <div class='ocr_page' id='page_1' title='image "./schedaevaticana01rieugoog_0106.png"; bbox 0 0 2946 5182; ppageno 0'>
   <div class='ocr_carea' id='block_1_1' title="bbox 178 354 1317 442">
    <p class='ocr_par' dir='ltr' id='par_1_1' title="bbox 178 354 1317 442">
     <span class='ocr_line' id='line_1_1' title="bbox 178 354 1317 442; baseline 0.006 -23"><span class='ocrx_word' id='word_1_1' title='bbox 178 373 337 420; x_wconf 73' lang='lat' dir='ltr'>concurro</span> <span class='ocrx_word' id='word_1_2' title='bbox 364 372 505 421; x_wconf 87' lang='lat' dir='ltr'>conrc1s.</span> <span class='ocrx_word' id='word_1_3' title='bbox 544 372 608 418; x_wconf 80' lang='lat' dir='ltr'>urs.</span> <span class='ocrx_word' id='word_1_4' title='bbox 635 354 660 418; x_wconf 92' lang='lat'>1.</span> <span class='ocrx_word' id='word_1_5' title='bbox 688 357 706 438; x_wconf 76' lang='lat'>§</span> <span class='ocrx_word' id='word_1_6' title='bbox 731 358 876 420; x_wconf 80' lang='grc'>69-71,</span> <span class='ocrx_word' id='word_1_7' title='bbox 916 376 982 424; x_wconf 78' lang='lat' dir='ltr'>arn.</span> <span class='ocrx_word' id='word_1_8' title='bbox 1011 356 1052 424; x_wconf 88' lang='lat' dir='ltr'>ll.</span> <span class='ocrx_word' id='word_1_9' title='bbox 1081 360 1223 442; x_wconf 76' lang='lat'>§1-2,</span> <span class='ocrx_word' id='word_1_10' title='bbox 1276 364 1317 426; x_wconf 87' lang='grc'>87</span> 
     </span>
    </p>
   </div>
   <div class='ocr_carea' id='block_1_2' title="bbox 130 543 1320 1240">
    <p class='ocr_par' dir='ltr' id='par_1_2' title="bbox 130 543 1320 1240">
     <span class='ocr_line' id='line_1_2' title="bbox 179 543 1319 635; baseline 0 -25"><span class='ocrx_word' id='word_1_11' title='bbox 179 569 200 610; x_wconf 87' lang='grc'>&lt;&lt;</span> <span class='ocrx_word' id='word_1_12' title='bbox 212 543 390 634; x_wconf 90' lang='lat' dir='ltr'>Subscripti</span> <span class='ocrx_word' id='word_1_13' title='bbox 409 543 494 609; x_wconf 88' lang='lat' dir='ltr'>tituli</span> <span class='ocrx_word' id='word_1_14' title='bbox 515 544 645 634; x_wconf 84' lang='lat' dir='ltr'>vestigia</span> <span class='ocrx_word' id='word_1_15' title='bbox 663 556 736 608; x_wconf 91' lang='lat' dir='ltr'>sunt</span> <span class='ocrx_word' id='word_1_16' title='bbox 756 544 888 610; x_wconf 77' lang='lat' dir='ltr'>evanida</span> <span class='ocrx_word' id='word_1_17' title='bbox 906 558 1033 635; x_wconf 89' lang='lat' dir='ltr'>praeter</span> <span class='ocrx_word' id='word_1_18' title='bbox 1050 546 1191 612; x_wconf 84' lang='lat' dir='ltr'><strong>litteram</strong></span> <span class='ocrx_word' id='word_1_19' title='bbox 1213 546 1319 614; x_wconf 85' lang='lat' dir='ltr'><strong>·M·.&gt;›</strong></span> 
     </span>
     <span class='ocr_line' id='line_1_3' title="bbox 131 665 1320 759; baseline 0.002 -27"><span class='ocrx_word' id='word_1_20' title='bbox 131 666 242 733; x_wconf 86' lang='lat' dir='ltr'>Maius.</span> <span class='ocrx_word' id='word_1_21' title='bbox 303 665 376 731; x_wconf 90' lang='lat' dir='ltr'>Non</span> <span class='ocrx_word' id='word_1_22' title='bbox 428 666 461 731; x_wconf 90' lang='lat' dir='ltr'>in</span> <span class='ocrx_word' id='word_1_23' title='bbox 505 665 610 730; x_wconf 88' lang='lat' dir='ltr'>lucem</span> <span class='ocrx_word' id='word_1_24' title='bbox 664 678 809 731; x_wconf 80' lang='lat' dir='ltr'>revocata</span> <span class='ocrx_word' id='word_1_25' title='bbox 854 677 900 731; x_wconf 89' lang='lat' dir='ltr'>est</span> <span class='ocrx_word' id='word_1_26' title='bbox 934 667 1142 759; x_wconf 79' lang='lat' dir='ltr'><strong>subscriptio,</strong></span> <span class='ocrx_word' id='word_1_27' title='bbox 1180 690 1260 758; x_wconf 88' lang='lat' dir='ltr'>quae</span> <span class='ocrx_word' id='word_1_28' title='bbox 1296 671 1320 734; x_wconf 91' lang='lat' dir='ltr'>si</span> 
     </span>
     <span class='ocr_line' id='line_1_4' title="bbox 131 785 1320 878; baseline 0.001 -25"><span class='ocrx_word' id='word_1_29' title='bbox 131 788 228 853; x_wconf 85' lang='lat' dir='ltr'>fuerit</span> <span class='ocrx_word' id='word_1_30' title='bbox 263 786 439 876; x_wconf 84' lang='lat' dir='ltr'>adscripta,</span> <span class='ocrx_word' id='word_1_31' title='bbox 471 786 567 851; x_wconf 88' lang='lat' dir='ltr'>rubro</span> <span class='ocrx_word' id='word_1_32' title='bbox 603 785 740 876; x_wconf 87' lang='lat' dir='ltr'>quodam</span> <span class='ocrx_word' id='word_1_33' title='bbox 771 808 845 851; x_wconf 89' lang='lat' dir='ltr'>suco</span> <span class='ocrx_word' id='word_1_34' title='bbox 873 800 997 852; x_wconf 79' lang='lat' dir='ltr'>exarata</span> <span class='ocrx_word' id='word_1_35' title='bbox 1019 801 1102 867; x_wconf 87' lang='lat' dir='ltr'>crat,</span> <span class='ocrx_word' id='word_1_36' title='bbox 1125 812 1220 877; x_wconf 86' lang='lat' dir='ltr'>quern</span> <span class='ocrx_word' id='word_1_37' title='bbox 1238 813 1320 878; x_wconf 90' lang='lat' dir='ltr'>aqua</span> 
     </span>
     <span class='ocr_line' id='line_1_5' title="bbox 133 906 1320 997; baseline 0.004 -25"><span class='ocrx_word' id='word_1_38' title='bbox 133 909 279 989; x_wconf 83' lang='lat' dir='ltr'>abstulit3</span> <span class='ocrx_word' id='word_1_39' title='bbox 317 931 397 997; x_wconf 92' lang='lat' dir='ltr'>quae</span> <span class='ocrx_word' id='word_1_40' title='bbox 420 932 519 997; x_wconf 89' lang='lat' dir='ltr'>quurn</span> <span class='ocrx_word' id='word_1_41' title='bbox 544 909 587 974; x_wconf 87' lang='lat' dir='ltr'>ita</span> <span class='ocrx_word' id='word_1_42' title='bbox 614 908 698 987; x_wconf 88' lang='lat' dir='ltr'>sint,</span> <span class='ocrx_word' id='word_1_43' title='bbox 724 907 740 972; x_wconf 96' lang='lat' dir='ltr'>I</span> <span class='ocrx_word' id='word_1_44' title='bbox 765 906 849 996; x_wconf 88' lang='lat' dir='ltr'><strong>quod</strong></span> <span class='ocrx_word' id='word_1_45' title='bbox 873 908 1005 972; x_wconf 90' lang='lat' dir='ltr'>unicum</span> <span class='ocrx_word' id='word_1_46' title='bbox 1029 908 1153 975; x_wconf 75' lang='lat' dir='ltr'>litterae</span> <span class='ocrx_word' id='word_1_47' title='bbox 1175 910 1208 975; x_wconf 84' lang='lat' dir='ltr'><strong>M</strong></span> <span class='ocrx_word' id='word_1_48' title='bbox 1231 912 1320 978; x_wconf 84' lang='lat' dir='ltr'>resti·</span> 
     </span>
     <span class='ocr_line' id='line_1_6' title="bbox 130 1028 1320 1120; baseline 0.002 -26"><span class='ocrx_word' id='word_1_49' title='bbox 130 1031 222 1120; x_wconf 91' lang='lat' dir='ltr'>gium</span> <span class='ocrx_word' id='word_1_50' title='bbox 253 1029 312 1095; x_wconf 87' lang='lat' dir='ltr'><strong>sibi</strong></span> <span class='ocrx_word' id='word_1_51' title='bbox 342 1028 447 1119; x_wconf 90' lang='lat' dir='ltr'>legere</span> <span class='ocrx_word' id='word_1_52' title='bbox 479 1029 646 1095; x_wconf 84' lang='lat' dir='ltr'>ridebatur</span> <span class='ocrx_word' id='word_1_53' title='bbox 677 1028 798 1106; x_wconf 88' lang='lat' dir='ltr'>Maius,</span> <span class='ocrx_word' id='word_1_54' title='bbox 823 1051 881 1118; x_wconf 90' lang='lat' dir='ltr'>pro</span> <span class='ocrx_word' id='word_1_55' title='bbox 905 1051 968 1094; x_wconf 92' lang='lat' dir='ltr'>una</span> <span class='ocrx_word' id='word_1_56' title='bbox 992 1028 1031 1094; x_wconf 88' lang='lat' dir='ltr'>de</span> <span class='ocrx_word' id='word_1_57' title='bbox 1054 1028 1164 1095; x_wconf 88' lang='lat' dir='ltr'>multis</span> <span class='ocrx_word' id='word_1_58' title='bbox 1187 1031 1320 1096; x_wconf 91' lang='lat' dir='ltr'>rnaculis</span> 
     </span>
     <span class='ocr_line' id='line_1_7' title="bbox 130 1148 825 1240; baseline 0.001 -25"><span class='ocrx_word' id='word_1_59' title='bbox 130 1150 308 1230; x_wconf 84' lang='lat' dir='ltr'>habeatur,</span> <span class='ocrx_word' id='word_1_60' title='bbox 334 1152 367 1215; x_wconf 91' lang='lat' dir='ltr'>in</span> <span class='ocrx_word' id='word_1_61' title='bbox 390 1151 452 1217; x_wconf 91' lang='lat' dir='ltr'>hoc</span> <span class='ocrx_word' id='word_1_62' title='bbox 476 1150 551 1217; x_wconf 86' lang='lat' dir='ltr'>folio</span> <span class='ocrx_word' id='word_1_63' title='bbox 575 1151 689 1240; x_wconf 88' lang='lat' dir='ltr'>passim</span> <span class='ocrx_word' id='word_1_64' title='bbox 715 1148 825 1216; x_wconf 78' lang='lat' dir='ltr'>obviis,</span> 
     </span>
    </p>
   </div>
   <div class='ocr_carea' id='block_1_3' title="bbox 632 1640 827 1707">
    <p class='ocr_par' dir='ltr' id='par_1_3' title="bbox 632 1640 827 1707">
     <span class='ocr_line' id='line_1_8' title="bbox 632 1640 827 1707; baseline -0.015 0"><span class='ocrx_word' id='word_1_65' title='bbox 632 1640 760 1707; x_wconf 81' lang='lat' dir='ltr'>LIBER</span> <span class='ocrx_word' id='word_1_66' title='bbox 784 1640 827 1705; x_wconf 91' lang='lat' dir='ltr'>Il.</span> 
     </span>
    </p>
   </div>
   <div class='ocr_carea' id='block_1_4' title="bbox 129 1887 1322 2705">
    <p class='ocr_par' dir='ltr' id='par_1_4' title="bbox 129 1887 1322 2224">
     <span class='ocr_line' id='line_1_9' title="bbox 182 1887 1322 1979; baseline 0.003 -23"><span class='ocrx_word' id='word_1_67' title='bbox 182 1887 280 1956; x_wconf 88' lang='lat' dir='ltr'><strong>Tituli</strong></span> <span class='ocrx_word' id='word_1_68' title='bbox 298 1889 425 1956; x_wconf 88' lang='lat' dir='ltr'>alternis</span> <span class='ocrx_word' id='word_1_69' title='bbox 444 1889 547 1954; x_wconf 90' lang='lat' dir='ltr'>rubris</span> <span class='ocrx_word' id='word_1_70' title='bbox 559 1889 720 1979; x_wconf 79' lang='lat' dir='ltr'><strong>nigrisque</strong></span> <span class='ocrx_word' id='word_1_71' title='bbox 733 1890 845 1956; x_wconf 91' lang='lat' dir='ltr'>litteris</span> <span class='ocrx_word' id='word_1_72' title='bbox 858 1892 975 1956; x_wconf 76' lang='lat' dir='ltr'>exarati</span> <span class='ocrx_word' id='word_1_73' title='bbox 987 1890 1046 1957; x_wconf 91' lang='lat' dir='ltr'>hac</span> <span class='ocrx_word' id='word_1_74' title='bbox 1059 1904 1183 1957; x_wconf 89' lang='lat' dir='ltr'>tantum</span> <span class='ocrx_word' id='word_1_75' title='bbox 1196 1904 1322 1959; x_wconf 87' lang='lat' dir='ltr'>renatae</span> 
     </span>
     <span class='ocr_line' id='line_1_10' title="bbox 129 2010 1322 2102; baseline 0.001 -25"><span class='ocrx_word' id='word_1_76' title='bbox 129 2025 210 2079; x_wconf 90' lang='lat' dir='ltr'>sunt</span> <span class='ocrx_word' id='word_1_77' title='bbox 242 2012 350 2102; x_wconf 77' lang='lat' dir='ltr'>nigrae</span> <span class='ocrx_word' id='word_1_78' title='bbox 384 2012 419 2076; x_wconf 91' lang='lat' dir='ltr'>in</span> <span class='ocrx_word' id='word_1_79' title='bbox 441 2033 515 2101; x_wconf 88' lang='lat' dir='ltr'>pag.</span> <span class='ocrx_word' id='word_1_80' title='bbox 544 2012 627 2089; x_wconf 88' lang='lat'><strong>156,</strong></span> <span class='ocrx_word' id='word_1_81' title='bbox 653 2033 730 2099; x_wconf 88' lang='lat' dir='ltr'>quas</span> <span class='ocrx_word' id='word_1_82' title='bbox 754 2010 824 2076; x_wconf 85' lang='lat' dir='ltr'>ride</span> <span class='ocrx_word' id='word_1_83' title='bbox 846 2011 881 2076; x_wconf 91' lang='lat' dir='ltr'>iu</span> <span class='ocrx_word' id='word_1_84' title='bbox 906 2010 1043 2090; x_wconf 88' lang='lat' dir='ltr'>Tabula,</span> <span class='ocrx_word' id='word_1_85' title='bbox 1071 2035 1151 2102; x_wconf 89' lang='lat' dir='ltr'>qnae</span> <span class='ocrx_word' id='word_1_86' title='bbox 1175 2011 1322 2078; x_wconf 85' lang='lat' dir='ltr'>editioni-</span> 
     </span>
     <span class='ocr_line' id='line_1_11' title="bbox 129 2129 1049 2224; baseline -0.003 -25"><span class='ocrx_word' id='word_1_87' title='bbox 129 2133 194 2199; x_wconf 91' lang='lat' dir='ltr'>bus</span> <span class='ocrx_word' id='word_1_88' title='bbox 219 2133 312 2224; x_wconf 85' lang='lat' dir='ltr'>vulgo</span> <span class='ocrx_word' id='word_1_89' title='bbox 337 2131 520 2221; x_wconf 89' lang='lat' dir='ltr'>adiungitur</span> <span class='ocrx_word' id='word_1_90' title='bbox 543 2129 716 2220; x_wconf 84' lang='lat' dir='ltr'>scripturae</span> <span class='ocrx_word' id='word_1_91' title='bbox 740 2132 919 2221; x_wconf 88' lang='lat' dir='ltr'><strong>speciminis</strong></span> <span class='ocrx_word' id='word_1_92' title='bbox 943 2155 1049 2198; x_wconf 91' lang='lat' dir='ltr'>causa:</span> 
     </span>
    </p>

    <p class='ocr_par' dir='ltr' id='par_1_5' title="bbox 131 2271 1037 2705">
     <span class='ocr_line' id='line_1_12' title="bbox 581 2271 875 2318; baseline 0 0"><span class='ocrx_word' id='word_1_93' title='bbox 581 2273 624 2318; x_wconf 88' lang='lat' dir='ltr'>nu</span> <span class='ocrx_word' id='word_1_94' title='bbox 649 2271 703 2317; x_wconf 86' lang='lat' dir='ltr'>nu.</span> <span class='ocrx_word' id='word_1_95' title='bbox 730 2271 875 2318; x_wconf 69' lang='lat' dir='ltr'>rustica</span> 
     </span>
     <span class='ocr_line' id='line_1_13' title="bbox 623 2371 838 2439; baseline -0.005 0"><span class='ocrx_word' id='word_1_96' title='bbox 623 2391 691 2439; x_wconf 86' lang='lat' dir='ltr'>rnc.</span> <span class='ocrx_word' id='word_1_97' title='bbox 718 2392 785 2438; x_wconf 78' lang='lat' dir='ltr'>nis.</span> <span class='ocrx_word' id='word_1_98' title='bbox 812 2371 838 2439; x_wconf 83' lang='lat'>11&#39;</span> 
     </span>
     <span class='ocr_line' id='line_1_14' title="bbox 657 2513 824 2559; baseline 0 -1"><span class='ocrx_word' id='word_1_99' title='bbox 657 2513 824 2559; x_wconf 79' lang='lat' dir='ltr'>utin.</span> 
     </span>
     <span class='ocr_line' id='line_1_15' title="bbox 131 2613 1037 2705; baseline -0.007 -19"><span class='ocrx_word' id='word_1_100' title='bbox 131 2619 169 2686; x_wconf 93' lang='lat' dir='ltr'>id</span> <span class='ocrx_word' id='word_1_101' title='bbox 195 2631 261 2684; x_wconf 90' lang='lat' dir='ltr'>est:</span> <span class='ocrx_word' id='word_1_102' title='bbox 280 2617 466 2705; x_wconf 82' lang='lat' dir='ltr'>feliciter,</span> <span class='ocrx_word' id='word_1_103' title='bbox 492 2628 527 2682; x_wconf 94' lang='lat' dir='ltr'>ut</span> <span class='ocrx_word' id='word_1_104' title='bbox 550 2613 722 2683; x_wconf 80' lang='lat' dir='ltr'>rectissime</span> <span class='ocrx_word' id='word_1_105' title='bbox 747 2614 848 2679; x_wconf 88' lang='lat' dir='ltr'>Maius</span> <span class='ocrx_word' id='word_1_106' title='bbox 872 2614 1037 2704; x_wconf 85' lang='lat' dir='ltr'>supplerit.</span> 
     </span>
    </p>
   </div>
   <div class='ocr_carea' id='block_1_5' title="bbox 651 2802 813 2895">
    <p class='ocr_par' dir='ltr' id='par_1_6' title="bbox 651 2802 813 2895">
     <span class='ocr_line' id='line_1_16' title="bbox 651 2802 813 2895; baseline -0.019 -24"><span class='ocrx_word' id='word_1_107' title='bbox 651 2802 766 2895; x_wconf 73' lang='lat' dir='ltr'>Caput</span> <span class='ocrx_word' id='word_1_108' title='bbox 790 2804 813 2870; x_wconf 93' lang='lat' dir='ltr'>l.</span> 
     </span>
    </p>
   </div>
   <div class='ocr_carea' id='block_1_6' title="bbox 126 2994 1163 3262">
    <p class='ocr_par' dir='ltr' id='par_1_7' title="bbox 126 2994 1163 3262">
     <span class='ocr_line' id='line_1_17' title="bbox 126 2994 1163 3089; baseline -0.008 -23"><span class='ocrx_word' id='word_1_109' title='bbox 126 3003 210 3089; x_wconf 64' lang='lat'>51.</span> <span class='ocrx_word' id='word_1_110' title='bbox 248 2997 444 3089; x_wconf 75' lang='lat' dir='ltr'>cupiditate</span> <span class='ocrx_word' id='word_1_111' title='bbox 609 2996 710 3083; x_wconf 85' lang='lat' dir='ltr'>Lege:</span> <span class='ocrx_word' id='word_1_112' title='bbox 738 2994 937 3084; x_wconf 75' lang='lat' dir='ltr'>cupidittate</span> <span class='ocrx_word' id='word_1_113' title='bbox 1028 3019 1059 3084; x_wconf 89' lang='lat' dir='ltr'>p.</span> <span class='ocrx_word' id='word_1_114' title='bbox 1087 2997 1163 3059; x_wconf 85' lang='lat'>275.</span> 
     </span>
     <span class='ocr_line' id='line_1_18' title="bbox 246 3121 903 3262; baseline -0.011 -26"><span class='ocrx_word' id='word_1_115' title='bbox 246 3173 343 3262; x_wconf 90' lang='lat' dir='ltr'>patris</span> <span class='ocrx_word' id='word_1_116' title='bbox 610 3121 729 3233; x_wconf 65' lang='lat' dir='ltr'>irruis</span> <span class='ocrx_word' id='word_1_117' title='bbox 825 3169 857 3235; x_wconf 90' lang='lat' dir='ltr'>d.</span> <span class='ocrx_word' id='word_1_118' title='bbox 884 3191 903 3229; x_wconf 75' lang='lat' dir='ltr'>u</span> 
     </span>
    </p>
   </div>
   <div class='ocr_carea' id='block_1_7' title="bbox 247 3287 1040 3726">
    <p class='ocr_par' dir='ltr' id='par_1_8' title="bbox 248 3287 1040 3503">
     <span class='ocr_line' id='line_1_19' title="bbox 248 3287 1040 3359; baseline -0.008 -3"><span class='ocrx_word' id='word_1_119' title='bbox 248 3291 457 3358; x_wconf 88' lang='lat' dir='ltr'>adolescentia</span> <span class='ocrx_word' id='word_1_120' title='bbox 609 3287 875 3359; x_wconf 57' lang='lat' dir='ltr'>accrescentium</span> <span class='ocrx_word' id='word_1_121' title='bbox 964 3289 992 3354; x_wconf 89' lang='lat' dir='ltr'>d.</span> <span class='ocrx_word' id='word_1_122' title='bbox 1020 3312 1040 3350; x_wconf 81' lang='lat' dir='ltr'>u</span> 
     </span>
     <span class='ocr_line' id='line_1_20' title="bbox 248 3429 766 3503; baseline -0.012 -25"><span class='ocrx_word' id='word_1_123' title='bbox 248 3436 411 3503; x_wconf 88' lang='lat' dir='ltr'>nunquam</span> <span class='ocrx_word' id='word_1_124' title='bbox 608 3429 766 3498; x_wconf 75' lang='lat' dir='ltr'>nunquan</span> 
     </span>
    </p>

    <p class='ocr_par' dir='ltr' id='par_1_9' title="bbox 247 3532 746 3624">
     <span class='ocr_line' id='line_1_21' title="bbox 247 3532 746 3624; baseline -0.004 -25"><span class='ocrx_word' id='word_1_125' title='bbox 247 3536 342 3600; x_wconf 87' lang='lat' dir='ltr'>etiam</span> <span class='ocrx_word' id='word_1_126' title='bbox 362 3532 369 3624; x_wconf 77' lang='grc' dir='ltr'>Ι</span> <span class='ocrx_word' id='word_1_127' title='bbox 389 3532 562 3599; x_wconf 87' lang='lat' dir='ltr'>diutissime</span> <span class='ocrx_word' id='word_1_128' title='bbox 609 3556 641 3621; x_wconf 93' lang='lat' dir='ltr'>p.</span> <span class='ocrx_word' id='word_1_129' title='bbox 668 3536 746 3597; x_wconf 82' lang='lat'><strong>276.</strong></span> 
     </span>
    </p>

    <p class='ocr_par' dir='ltr' id='par_1_10' title="bbox 248 3651 740 3726">
     <span class='ocr_line' id='line_1_22' title="bbox 248 3651 740 3726; baseline -0.004 -5"><span class='ocrx_word' id='word_1_130' title='bbox 248 3655 388 3721; x_wconf 84' lang='lat' dir='ltr'>discendi</span> <span class='ocrx_word' id='word_1_131' title='bbox 609 3651 740 3726; x_wconf 72' lang='lat' dir='ltr'>blcetb1</span> 
     </span>
    </p>
   </div>
   <div class='ocr_carea' id='block_1_8' title="bbox 248 3756 771 3866">
    <p class='ocr_par' dir='ltr' id='par_1_11' title="bbox 248 3756 771 3866">
     <span class='ocr_line' id='line_1_23' title="bbox 760 3756 767 3782; baseline 0 0"><span class='ocrx_word' id='word_1_132' title='bbox 760 3756 767 3782; x_wconf 71' lang='grc' dir='ltr'>ι</span> 
     </span>
     <span class='ocr_line' id='line_1_24' title="bbox 248 3801 771 3866; baseline -0.002 -1"><span class='ocrx_word' id='word_1_133' title='bbox 248 3801 382 3866; x_wconf 90' lang='lat' dir='ltr'>orationi</span> <span class='ocrx_word' id='word_1_134' title='bbox 609 3817 771 3866; x_wconf 66' lang='lat' dir='ltr'>casalone</span> 
     </span>
    </p>
   </div>
   <div class='ocr_carea' id='block_1_9' title="bbox 248 3925 802 4067">
    <p class='ocr_par' dir='ltr' id='par_1_12' title="bbox 248 3925 802 4067">
     <span class='ocr_line' id='line_1_25' title="bbox 779 3925 793 3958; baseline 0 0"><span class='ocrx_word' id='word_1_135' title='bbox 779 3925 793 3958; x_wconf 79' lang='lat' dir='ltr'>N</span> 
     </span>
     <span class='ocr_line' id='line_1_26' title="bbox 248 3964 802 4067; baseline -0.009 -25"><span class='ocrx_word' id='word_1_136' title='bbox 248 3999 423 4067; x_wconf 77' lang='lat' dir='ltr'>congruens</span> <span class='ocrx_word' id='word_1_137' title='bbox 611 3964 802 4041; x_wconf 77' lang='lat' dir='ltr'>concnaucs</span> 
     </span>
    </p>
   </div>
   <div class='ocr_carea' id='block_1_10' title="bbox 121 4152 1324 4415">
    <p class='ocr_par' dir='ltr' id='par_1_13' title="bbox 121 4152 1324 4415">
     <span class='ocr_line' id='line_1_27' title="bbox 121 4152 758 4247; baseline -0.013 -28"><span class='ocrx_word' id='word_1_138' title='bbox 121 4166 144 4247; x_wconf 60' lang='grc' dir='ltr'><strong>ς</strong></span> <span class='ocrx_word' id='word_1_139' title='bbox 173 4158 208 4221; x_wconf 85' lang='lat'>2.</span> <span class='ocrx_word' id='word_1_140' title='bbox 246 4152 361 4242; x_wconf 78' lang='lat' dir='ltr'>singuli</span> <span class='ocrx_word' id='word_1_141' title='bbox 609 4166 758 4214; x_wconf 77' lang='lat' dir='ltr'>sntcuus</span> 
     </span>
     <span class='ocr_line' id='line_1_28' title="bbox 660 4277 1040 4321; baseline -0.016 -13"><span class='ocrx_word' id='word_1_142' title='bbox 660 4282 700 4320; x_wconf 63' lang='lat' dir='ltr'>a„</span> <span class='ocrx_word' id='word_1_143' title='bbox 760 4277 776 4306; x_wconf 75' lang='lat' dir='ltr'>n</span> <span class='ocrx_word' id='word_1_144' title='bbox 1004 4285 1040 4321; x_wconf 74' lang='lat'>⁰..</span> 
     </span>
     <span class='ocr_line' id='line_1_29' title="bbox 247 4323 1324 4415; baseline -0.001 -24"><span class='ocrx_word' id='word_1_145' title='bbox 247 4327 303 4415; x_wconf 90' lang='lat' dir='ltr'>qui</span> <span class='ocrx_word' id='word_1_146' title='bbox 325 4348 414 4390; x_wconf 90' lang='lat' dir='ltr'>suam</span> <span class='ocrx_word' id='word_1_147' title='bbox 610 4344 762 4412; x_wconf 81' lang='lat' dir='ltr'>quuusua</span> <span class='ocrx_word' id='word_1_148' title='bbox 853 4323 965 4389; x_wconf 90' lang='lat' dir='ltr'>litteris</span> <span class='ocrx_word' id='word_1_149' title='bbox 1002 4344 1047 4391; x_wconf 80' lang='lat' dir='ltr'>nu</span> <span class='ocrx_word' id='word_1_150' title='bbox 1082 4326 1125 4390; x_wconf 92' lang='lat' dir='ltr'>ita</span> <span class='ocrx_word' id='word_1_151' title='bbox 1161 4325 1254 4390; x_wconf 90' lang='lat' dir='ltr'>erasis</span> <span class='ocrx_word' id='word_1_152' title='bbox 1290 4339 1324 4390; x_wconf 94' lang='lat' dir='ltr'>ut</span> 
     </span>
    </p>
   </div>
   <div class='ocr_carea' id='block_1_11' title="bbox 247 4458 1300 4778">
    <p class='ocr_par' dir='ltr' id='par_1_14' title="bbox 247 4458 1300 4778">
     <span class='ocr_line' id='line_1_30' title="bbox 534 4458 785 4512; baseline 0.008 -2"><span class='ocrx_word' id='word_1_153' title='bbox 534 4490 537 4497; x_wconf 88' lang='lat'>-</span> <span class='ocrx_word' id='word_1_154' title='bbox 654 4458 749 4512; x_wconf 89' lang='lat' dir='ltr'>restat</span> <span class='ocrx_word' id='word_1_155' title='bbox 773 4466 785 4512; x_wconf 85' lang='lat'>1</span> 
     </span>
     <span class='ocr_line' id='line_1_31' title="bbox 247 4551 1300 4658; baseline 0 -26"><span class='ocrx_word' id='word_1_156' title='bbox 247 4567 369 4658; x_wconf 88' lang='lat' dir='ltr'>legibus</span> <span class='ocrx_word' id='word_1_157' title='bbox 393 4580 488 4658; x_wconf 89' lang='lat' dir='ltr'>atque</span> <span class='ocrx_word' id='word_1_158' title='bbox 512 4569 563 4635; x_wconf 88' lang='lat' dir='ltr'>in·</span> <span class='ocrx_word' id='word_1_159' title='bbox 610 4567 757 4657; x_wconf 79' lang='lat' dir='ltr'>Repetite</span> <span class='ocrx_word' id='word_1_160' title='bbox 781 4567 931 4658; x_wconf 88' lang='lat' dir='ltr'>leguntur</span> <span class='ocrx_word' id='word_1_161' title='bbox 954 4551 1044 4634; x_wconf 87' lang='lat' dir='ltr'>initio</span> <span class='ocrx_word' id='word_1_162' title='bbox 1067 4569 1200 4658; x_wconf 87' lang='lat' dir='ltr'>paginae</span> <span class='ocrx_word' id='word_1_163' title='bbox 1225 4572 1300 4633; x_wconf 86' lang='lat'><strong>277.</strong></span> 
     </span>
     <span class='ocr_line' id='line_1_32' title="bbox 292 4687 432 4778; baseline 0 -25"><span class='ocrx_word' id='word_1_164' title='bbox 292 4689 406 4754; x_wconf 88' lang='lat' dir='ltr'>stitutis</span> <span class='ocrx_word' id='word_1_165' title='bbox 427 4687 432 4778; x_wconf 77' lang='grc' dir='ltr'>Ι</span> 
     </span>
    </p>
   </div>
   <div class='ocr_carea' id='block_1_12' title="bbox 0 0 1485 5182">
    <p class='ocr_par' dir='ltr' id='par_1_15' title="bbox 0 0 1485 5182">
     <span class='ocr_line' id='line_1_33' title="bbox 0 0 1485 5182; baseline 0 0"><span class='ocrx_word' id='word_1_166' title='bbox 0 0 1485 5182; x_wconf 95' lang='lat' dir='ltr'> </span> 
     </span>
    </p>
   </div>
  </div>
 </body>
</html>
