2946 5182
370 376 435 422 111.
463 355 488 421 Ι.
517 358 534 440 §¹
564 358 624 433 10,
653 359 713 435 11,
743 359 803 437 12,
832 361 892 436 16,
920 361 978 437 18,
1005 361 1058 423 22.
1261 361 1302 421 35

165 543 190 635 S
216 547 268 612 11.
316 545 463 636 [tegere.
512 544 566 612 Sic
595 547 730 615 correxit
756 545 855 614 altera
875 569 990 615 manns
1012 547 1135 615 litterae
1159 566 1178 613 c
1198 569 1305 615 erasae

119 666 381 757 superscribendo
402 687 445 746 (1,
467 666 552 733 unde
571 667 739 747 coniicias,
760 668 821 732 nisi
838 669 897 734 ista
914 670 1049 759 explicet
1064 669 1304 760 pronunciatio,

117 788 290 861 discrimen
313 789 396 856 inter
418 789 496 855 duas
521 788 591 857 illas
613 789 734 856 litteras
750 790 899 879 exiguum
918 790 1013 859 fuisse
1032 792 1066 856 in
1086 790 1188 869 libro,
1210 811 1306 879 quem

119 910 268 977 librarius
298 909 478 999 descripsit;
513 921 654 978 attamen
683 908 766 976 bene
796 909 970 976 tenendum
992 922 1039 977 111
1061 911 1146 978 idem
1169 910 1251 976 illud
1272 911 1307 977 in

117 1031 186 1103 1111
209 1030 297 1097 omni
319 1031 474 1120 scriptura
497 1029 744 1098 maiuscularum
771 1029 878 1097 locum
900 1031 1055 1099 obtinere.
1124 1081 1126 1087 ·

165 1271 240 1339 vlt.
271 1269 295 1361 S
327 1275 381 1337 12.
431 1269 600 1362 Propius.
649 1269 755 1340 Codex
788 1272 886 1339 habet
913 1276 1088 1364 proprius
1119 1271 1225 1339 addita
1255 1273 1306 1339 in·

119 1404 208 1461 carta
242 1392 485 1471 emendatione,
517 1415 592 1458 nam
628 1391 798 1482 Augustini
831 1393 977 1459 libratim
1000 1394 1177 1460 mulierem
1200 1416 1308 1485 supra·

117 1515 244 1604 posuit,
269 1513 413 1584 sednon
437 1525 483 1580 est
508 1514 727 1604 expunctionis
750 1511 924 1594 indicium,
953 1514 994 1582 de
1018 1538 1082 1605 quo
1105 1515 1219 1583 Maius.

167 1754 208 1823 X.
235 1751 258 1843 §
290 1756 343 1826 16.
391 1754 445 1823 Be
464 1759 552 1822 vita.
591 1752 696 1822 «Cod.
718 1756 792 1822 bita
815 1779 888 1822 mor
908 1755 1026 1823 ibidem
1044 1757 1165 1824 factum
1188 1761 1306 1823 cite.»

119 1875 234 1947 1111111.
282 1874 354 1942 Non
383 1875 447 1954 ita,
478 1873 525 1941 1111
549 1874 725 1965 quidquam
748 1877 889 1943 cemitnr
910 1877 1035 1945 litterae
1057 1901 1098 1958 e,
1123 1901 1182 1945 nec
1205 1891 1308 1969 potest

119 1996 210 2075 fieri,
246 2007 283 2063 ut
317 1994 419 2065 Maius
453 2017 524 2060 eam
559 1993 673 2063 viderit
706 1997 766 2063 sub
795 1997 965 2088 Augustini
988 2000 1133 2091 «tribus
1156 2001 1307 2066 molis.»

119 2118 190 2187 Nec
224 2139 297 2184 sero
331 2115 508 2206 respuenda
541 2116 742 2219 emendatio,
778 2118 950 2186 dummodo
986 2119 1099 2187 editori
1128 2120 1307 2202 tribuatur,

121 2263 197 2311 nam
220 2239 254 2305 iu
278 2235 346 2304 aliis
369 2236 450 2313 locis,
470 2238 591 2304 ineerta
612 2250 659 2306 est
682 2241 825 2330 quaestio
846 2254 976 2332 propter
997 2241 1192 2334 Palimpsesti
1213 2254 1309 2309 natu·

121 2336 210 2441 ram,
230 2359 293 2431 hoo
315 2384 388 2429 reso
411 2373 443 2428 et
465 2361 669 2451 praecedenti
686 2361 757 2429 loco
777 2362 898 2431 Maium
915 2364 1040 2454 lapsum
1052 2386 1119 2431 esse
1137 2362 1308 2434 contendo.

169 2603 244 2670 XII.
270 2601 295 2693 §
322 2605 375 2669 la.
424 2602 536 2681 Dein,
565 2624 668 2690 quum
697 2611 815 2667 esseut
839 2625 1024 2694 perpauca
1056 2606 1151 2668 iuter
1181 2627 1219 2669 se
1242 2628 1310 2671 uuo

120 2733 187 2794 eut
220 2724 336 2797 altero
370 2727 491 2815 spatio
525 2724 706 2803 collocuti,
738 2721 965 2815 Scipionique
994 2745 1109 2789 eorum
1137 2724 1310 2790 adventus

116 2844 362 2938 periucundus
404 2853 439 2910 et
470 2853 670 2937 pergratus
703 2845 862 2934 fuisset,
892 2847 1070 2937 placitum
1105 2853 1170 2912 est.
1218 2845 1310 2913 Hanc

122 2967 257 3058 arripuit
275 2966 389 3039 :Maius
419 2968 453 3034 in
481 2967 580 3035 altera
602 2965 741 3035 aditione
763 2967 903 3032 uirorum
925 2965 1092 3033 doctorum
1114 2965 1310 3034 emendatio.

122 3111 198 3159 uem
238 3111 296 3178 pro
339 3076 466 3155 codicis*
495 3087 632 3155 lectione
665 3111 732 3176 quo
766 3108 882 3154 eorum
917 3099 973 3154 aut
1007 3086 1163 3154 secundae
1197 3111 1311 3156 manus

123 3231 288 3301 quorum
314 3221 353 3275 at.
367 3221 514 3298 potuerat
536 3209 600 3274 iarn
623 3221 716 3274 antea
738 3209 782 3274 ita
804 3207 929 3298 legere,
950 3231 1025 3274 narn
1043 3207 1128 3274 hanc
1144 3209 1310 3299 probatam

123 3332 293 3402 lectionem
316 3331 381 3397 iam
404 3330 525 3420 primae
548 3330 659 3398 manui
680 3329 853 3410 debemus,
879 3353 960 3420 quac
983 3331 1043 3397 rite
1062 3330 1096 3394 in
1116 3330 1180 3397 fine
1199 3332 1311 3420 prioris

124 3452 270 3520 laterculi
303 3449 529 3542 Scipionique
552 3450 694 3540 scripsit,
725 3464 757 3517 ct
780 3451 938 3541 sequentis
961 3450 1051 3516 initio
1075 3451 1228 3529 Eorum,
1252 3472 1312 3518 nec

125 3572 213 3639 aliud
235 3572 294 3638 sibi
317 3570 416 3637 soluit
440 3583 610 3650 corrector,
634 3572 767 3662 opinor,
796 3571 914 3662 quippe
938 3572 994 3660 qui
1016 3571 1139 3638 lineolis
1162 3570 1313 3639 deleverit

125 3693 246 3765 litteras
270 3693 345 3772 Eo,
373 3704 405 3759 et
434 3715 453 3758 o
484 3692 737 3782 suprascripserit
767 3691 972 3780 verboque,
1004 3691 1056 3758 sed
1081 3692 1125 3758 ita
1148 3705 1183 3757 ut
1207 3716 1225 3758 e
1247 3714 1329 3760 non

126 3813 265 3893 deleret,
309 3812 394 3884 smde
438 3825 525 3880 recte
566 3813 711 3904 procedit
744 3811 963 3905 Scipioniqu’
1002 3835 1141 3892 eorum
1176 3814 1313 3883 elisionis

125 3936 268 4027 exempla
289 3936 404 4025 passius
427 3947 610 4003 occurrunt.
1030 3915 1046 3935 ’
1124 3916 1126 3921 ’

173 4177 260 4248 XIV.
297 4175 322 4269 S
359 4182 413 4243 22.
474 4177 635 4244 Eandem
679 4178 779 4242 illam
824 4175 1016 4267 (sphaeram)
1067 4181 1183 4243 astris
1219 4181 1314 4247 coelo

129 4298 393 4367 inhaerentibus
424 4319 500 4366 esse
530 4297 758 4388 descriptam.
807 4295 914 4364 «Cod.
944 4299 958 4361 1
984 4319 1083 4362 1111111
1105 4298 1206 4363 illam
1230 4302 1316 4366 stel-

130 4421 244 4510 lisque
275 4421 388 4498 caelo,
417 4421 436 4483 2
461 4440 534 4487 vero
557 4418 698 4487 deletum
722 4419 906 4508 stellisque
929 4430 960 4485 et
983 4418 1136 4509 scriptum
1161 4425 1316 4490 astris.»

129 4541 243 4609 1111111.
291 4536 414 4630 Copula
448 4539 571 4608 residua
606 4562 671 4629 que
701 4537 1318 4621 011111111111111111111,011111111111

130 4663 288 4755 scripsisse
310 4665 427 4728 ostris
451 4663 657 4752 stellisque,
683 4685 779 4753 quam
808 4662 988 4752 opinionem
1013 4662 1100 4728 noris
1124 4667 1316 4753 argumentis

747 4791 749 4794 Α
1073 4784 1112 4836 3,
