2946 5182
142 355 203 417 150
571 372 600 417 c.
627 371 737 419 ramus
761 370 891 418 rroron.

136 539 292 606 artificiali
323 541 610 627 argumentatione,
635 541 667 605 in
693 563 755 628 qua
779 541 974 606 coniecturas
996 537 1073 604 dicit
1097 539 1204 627 «poni
1229 561 1328 629 orgu-

135 672 315 727 mentorum
337 660 413 725 locis
436 662 508 726 satis
531 684 594 726 non
617 674 684 740 est,
710 661 769 726 uisi
792 673 952 727 oratorum
972 659 1090 726 riribus
1110 658 1328 739 adiuventur,

135 781 168 845 id
190 793 256 860 est,
281 790 320 845 ut
341 780 381 847 de
404 783 434 847 ri
458 783 605 848 avaritiae
627 794 659 848 et
682 782 721 847 de
744 784 775 848 ri
798 782 862 847 odii
884 782 978 847 latius
1000 780 1217 871 disputetur.»

181 900 347 991 Sequentis
377 926 450 992 pag.
483 929 514 970 r.
547 907 583 967 ll
612 904 771 992 qiterum
794 927 932 970 errorem
954 903 1096 993 peperit:
1124 914 1241 967 «artes
1264 901 1328 967 ho-

134 1035 237 1089 nestas
269 1036 323 1088 aut
354 1036 461 1114 turpes
483 1047 550 1090 esse
573 1024 706 1091 dicimus
729 1048 765 1091 er
788 1023 837 1090 his
861 1025 974 1103 rebus,
1000 1026 1084 1112 quia
1107 1023 1326 1089 iustrumenta

133 1168 241 1210 earum
272 1156 382 1211 sunt.»
421 1145 556 1210 Librarii
587 1169 710 1211 necnon
742 1146 875 1212 Victoris
911 1167 1023 1210 manus
1047 1143 1251 1210 rescribenda
1275 1156 1325 1210 est

133 1289 232 1353 quae.

177 1384 329 1453 Similiter
363 1386 555 1475 singularem
589 1389 693 1475 posuit
724 1386 801 1453 ibid.
837 1389 855 1472 §
889 1393 930 1466 3,
962 1411 992 1476 p.
1019 1389 1080 1451 221
1108 1411 1137 1452 r.
1165 1390 1234 1465 ll,
1266 1387 1326 1453 ubi

129 1507 245 1572 lineola
268 1507 424 1597 pluralem
445 1530 613 1573 numerum
637 1508 810 1597 siguificat,
837 1510 892 1599 qui
915 1508 984 1573 loco
1009 1508 1174 1573 convenit:
1200 1530 1225 1570 «
1238 1508 1324 1594 Quia

130 1628 292 1717 proprium
320 1640 367 1694 est
396 1627 473 1693 boui
503 1629 588 1716 (cod.
622 1627 731 1717 bonis)
762 1641 845 1695 recte
879 1628 1001 1707 facere,
1031 1627 1176 1693 iracundi
1207 1641 1322 1695 autem

128 1750 230 1814 verbis
262 1762 316 1814 aut
346 1772 443 1814 manu
473 1749 682 1849 labefactare,
716 1751 777 1814 hoc
800 1749 840 1814 ab
863 1750 936 1838 ipsis
960 1771 1025 1815 esse
1049 1747 1239 1829 credamus,
1266 1763 1324 1817 aut

129 1882 249 1935 contra.
297 1869 380 1937 Nam
399 1882 434 1935 ut
457 1844 619 1959 quaedam¹
636 1870 669 1934 in
693 1869 882 1959 quibusdam
904 1870 1015 1957 utique
1038 1882 1129 1949 suut,
1152 1871 1197 1935 ita
1221 1894 1323 1961 quae·

127 1988 200 2054 dam
224 1989 257 2053 in
281 1990 470 2077 quibusdam
493 1990 604 2077 utique
627 2011 690 2053 non
714 2001 798 2055 sunt.
811 2013 831 2053 >›
871 1990 1001 2079 Legitur
1025 1968 1067 2068 Is,
1091 1988 1195 2054 idest
1220 1990 1323 2055 leaeo.

172 2109 304 2175 Lineola
338 2111 419 2200 fugit
455 2110 575 2175 Maium
609 2110 643 2173 in
675 2110 899 2199 sequentibus,
933 2135 962 2176 r.
999 2115 1057 2176 15:
1092 2108 1178 2175 «dat
1206 2121 1323 2177 tamen

127 2253 357 2318 nonnunquam
379 2230 563 2296 facultatem
586 2231 837 2320 argumentandi.
877 2229 938 2298 Sic
955 2231 1147 2297 ostendimus
1168 2230 1323 2299 Marcum

129 2349 267 2415 Tullium
299 2349 447 2416 fecisse.»
496 2347 600 2416 Codex
631 2349 745 2417 habet:
785 2352 1074 2442 «argumentandi,
1106 2326 1181 2417 sid»
1216 2351 1323 2417 idest

129 2473 232 2536 siout.

171 2593 323 2659 Litteram
350 2615 424 2658 cum
446 2592 562 2660 lineola
585 2594 794 2683 suprascripta
817 2594 978 2682 negligens
1003 2592 1080 2658 ibid.
1104 2594 1122 2677 §
1146 2596 1188 2671 4,
1211 2615 1246 2657 r.
1275 2596 1321 2659 22

126 2712 228 2779 Maius
255 2715 388 2780 verbum
422 2714 535 2779 omisit.
593 2736 614 2777 «
622 2710 782 2778 Secuntur
815 2713 849 2778 hi
877 2714 959 2791 loci,
992 2714 1048 2802 qui
1078 2713 1162 2778 circa
1195 2735 1282 2779 rem.
1297 2738 1331 2783 n.

126 2830 229 2899 Codex
245 2833 341 2899 habet
365 2834 486 2922 «quis
512 2833 596 2898 circa
618 2855 685 2898 rem
696 2855 730 2910 ,>›
754 2830 786 2895 id
810 2845 857 2897 est
880 2833 968 2921 «qui
992 2841 1074 2897 sunt
1096 2831 1181 2898 circa
1203 2854 1318 2900 rem.»

169 2954 282 3021 Editur
311 2954 420 3020 vitiose
448 2953 545 3033 ibid.,
577 2976 648 3042 pag.
675 2955 739 3017 222
764 2976 794 3020 r.
822 2956 876 3018 27.
926 2951 1082 3018 «Marcus
1112 2951 1238 3018 Tullius
1266 2954 1314 3044 (p.

125 3072 218 3140 Gaec.
251 3073 314 3139 XII
344 3073 426 3164 seq.)
459 3073 570 3139 definit
600 3074 632 3138 id
663 3097 729 3139 esse
749 3074 957 3163 probibere,
981 3072 1066 3163 quod
1089 3072 1201 3152 deiici,
1229 3097 1317 3163 quo-

123 3194 210 3259 niam
239 3217 275 3259 er
306 3205 441 3282 utroque
473 3194 505 3258 id
539 3203 792 3283 consequatur,
821 3207 857 3259 ut
880 3194 993 3283 aliquis
1016 3193 1139 3259 amittat
1162 3214 1240 3259 eum
1263 3195 1315 3261 lo·

123 3337 213 3393 cum,
239 3338 275 3379 ex
299 3337 362 3402 quo
380 3313 558 3404 prohibitus
569 3328 616 3381 est
635 3315 685 3381 rel
704 3314 881 3382 deiectus.»
925 3313 978 3381 Sic
997 3315 1031 3378 iu
1050 3313 1158 3380 codice
1179 3337 1315 3405 quoque

119 3438 222 3527 primo
246 3437 398 3526 scriptum
421 3448 509 3514 erat,
534 3434 587 3501 sed
611 3436 713 3500 activa
735 3436 835 3500 forma
859 3435 934 3501 ferri
957 3436 1087 3524 nequit,
1113 3436 1203 3525 atqui
1228 3438 1311 3503 reci·

120 3558 236 3646 pienda
258 3570 325 3623 erat
348 3556 519 3623 editoribus
544 3556 672 3622 alterius
696 3578 807 3620 manus
830 3557 982 3622 correctio
1000 3556 1208 3646 prohiberi;
1237 3569 1309 3623 tum

121 3677 217 3744 codex
241 3677 337 3744 habet
360 3678 565 3744 indicativum
588 3680 811 3765 consequitur
834 3677 956 3742 etiamsi
980 3699 1052 3742 oum
1077 3676 1173 3766 siglis.

166 3798 284 3889 Copula
317 3809 351 3864 ct
381 3801 414 3865 in
446 3799 554 3864 codice
582 3799 626 3864 sic
654 3799 719 3863 fere
750 3803 760 3864 l
792 3797 959 3877 scribitur,
991 3798 1075 3863 uude
1098 3796 1191 3862 facile
1215 3820 1307 3864 com-

120 3921 237 3985 mutari
266 3933 368 4010 potest
398 3943 473 3985 cum
502 3919 731 4009 praepositione
755 3922 793 3983 in
817 3919 861 3985 sic
883 3928 898 3984 ῖ
918 3919 1112 4009 significata,
1136 3917 1213 3985 hinc
1236 3920 1307 3986 fac-

119 4055 189 4107 tum
219 4054 284 4119 est,
316 4053 352 4106 ut
375 4041 476 4107 Maius
501 4040 633 4107 ediderit
656 4039 733 4105 ibid.
759 4064 791 4129 p.
819 4043 884 4105 223
908 4065 938 4106 r.
965 4046 1004 4104 5:
1055 4038 1113 4105 «A
1137 4061 1307 4130 compara·

118 4164 204 4228 tione
228 4171 261 4226 ct
285 4163 510 4242 coniectura,>›
534 4162 589 4227 ubi
614 4165 651 4226 in
667 4160 904 4226 rescribendum
921 4171 986 4239 est,
1007 4184 1081 4226 nam
1101 4163 1306 4250 persequitur

118 4283 226 4349 rhetor
249 4295 434 4372 argumenta
456 4282 606 4348 sumenda
631 4287 669 4347 in
693 4283 874 4348 coniectura
898 4286 991 4346 etin
1015 4282 1125 4348 ceteris
1149 4281 1302 4362 statibus,

117 4430 149 4494 p.
180 4408 245 4469 222
273 4429 304 4471 r.
341 4410 393 4470 14.
436 4404 532 4469 Miror
562 4405 724 4471 Baiterum
743 4403 783 4468 ad
806 4403 939 4469 verbum
963 4417 1104 4494 repetere
1126 4402 1302 4469 editionem

117 4526 293 4592 Romanam
322 4527 468 4592 maluisse
498 4547 593 4613 quam
623 4527 776 4593 rationem
801 4548 897 4591 nexus
920 4524 1051 4601 habere,
1078 4523 1133 4589 ubi
1155 4548 1244 4591 error
1267 4526 1301 4591 in

118 4650 222 4736 aprico
246 4662 303 4716 est.
