2946 5182
183 355 216 400 v1
730 370 820 382 ········

180 575 216 618 ea
251 555 424 618 emissurus
454 550 620 616 Frontonis
648 573 757 639 nempe
788 552 969 640 Epistolos,
1005 552 1209 619 Scholiastern
1232 552 1367 619 Bobicn-

179 726 245 770 sern
279 725 350 770 curn
386 703 540 769 Ciceronis
573 702 790 791 Fropnoentis,
828 705 935 770 eadent
957 706 1092 784 ratione,
1116 727 1177 792 qno
1199 725 1274 770 ocsus
1293 726 1365 770 snrn

178 854 211 918 in
246 853 297 919 liis
331 853 548 939 scriptoribus,
583 875 658 940 qroos
688 855 825 941 intepros
857 855 971 920 iterare
1000 877 1062 920 non
1096 855 1239 933 lubebat,
1266 876 1365 941 neque

177 1005 293 1070 nudam
327 1026 434 1070 eornno
464 1007 610 1091 proferre
644 1003 799 1070 Lectionis
825 1004 1028 1084 Vorr'etatern',
1059 1028 1154 1092 qnann
1178 1007 1214 1071 ob
1237 1027 1365 1072 corosani

178 1157 222 1222 sic
245 1176 337 1241 apere
358 1155 495 1240 placuit,
518 1165 552 1219 nt
576 1155 614 1220 de
634 1155 796 1262 podicibus
818 1165 939 1221 tontnno
961 1177 1063 1242 panca
1086 1157 1237 1244 quaedam
1260 1179 1365 1223 mone-

174 1328 259 1381 rent,
292 1306 405 1393 potions
437 1328 514 1393 opns
541 1328 606 1372 esse
634 1304 819 1386 videbatur,
851 1307 987 1375 subiecto
1018 1308 1226 1396 disputatione
1257 1309 1295 1374 cie
1321 1310 1364 1374 iis

175 1459 267 1535 iocis,
290 1457 403 1544 qnibns
425 1455 483 1523 iae
506 1478 598 1523 aaron
621 1457 774 1523 secundae
792 1461 991 1545 prosuerunt.

219 1609 313 1676 Hisce
334 1608 461 1675 monitis
482 1608 548 1673 iarn
569 1608 603 1673 in
628 1629 661 1673 eo
685 1629 771 1674 erarn
794 1618 828 1672 ot
852 1609 930 1696 fatis
950 1609 1015 1674 sois
1039 1608 1183 1674 iibeitnrn
1206 1609 1361 1697 relinque·

172 1786 254 1842 reno,
281 1782 379 1848 qnnrn
408 1759 488 1825 rnilri
510 1760 609 1826 attalo
633 1769 678 1825 est
700 1761 876 1827 dissertatio
899 1762 938 1826 de
963 1761 1117 1827 Ciceronis
1141 1763 1231 1828 tibris
1255 1762 1293 1827 dc
1316 1761 1362 1827 Re

172 1913 321 1990 Publica,
353 1932 433 1998 qnae
460 1912 562 1976 nescio
592 1930 652 1996 qno
681 1910 857 1998 infortunia
888 1910 929 1975 ad
962 1910 1044 1977 nnnc
1074 1930 1172 1998 iisqne
1204 1912 1288 1977 diem
1310 1880 1361 1978 noe

172 2067 325 2143 latuerat,
361 2072 391 2128 et
422 2082 503 2126 nnnc
533 2060 712 2146 paniolum·
731 2083 781 2126 noe
805 2070 955 2128 moratur.
1005 2061 1065 2129 Est
1087 2062 1255 2150 disputatio
1279 2064 1360 2130 tecto

170 2217 289 2303 pariter
311 2221 404 2299 atqne
427 2212 505 2277 scito
527 2211 639 2298 dipno‚
661 2230 739 2297 qnae
757 2221 862 2277 exstat
884 2211 917 2277 in
939 2234 999 2277 nno
1020 2236 1060 2279 eoo
1079 2214 1148 2280 iliis
1167 2213 1359 2294 Fascicniis,

168 2369 225 2455 qni
259 2363 395 2454 sinpociis
428 2362 587 2429 mannans
616 2361 752 2428 Parisiis
778 2363 931 2448 prodeant
950 2363 1117 2431 Doctorum
1141 2367 1278 2444 nomine,
1303 2370 1359 2452 qni

166 2539 220 2585 eos
246 2515 453 2584 conscribant.

218 2671 386 2738 Censnrarn
421 2689 491 2733 eant
521 2667 591 2732 noio
632 2665 756 2755 (Journ.
789 2668 843 2732 cies
872 2665 1021 2744 Sanane,
1048 2671 1152 2745 1859,
1175 2671 1356 2748 novembre,

165 2846 198 2911 p.
232 2819 330 2914 655),
361 2840 456 2906 quarn
485 2815 539 2882 on.
567 2817 685 2883 Girani
708 2819 772 2905 epit
790 2818 828 2882 cie
852 2816 972 2882 laniati
996 2817 1099 2903 operis
1126 2815 1265 2884 Tniiioni
1288 2842 1354 2886 oer-

168 2975 253 3039 sione
291 2970 414 3036 Goilico
446 2970 563 3046 attera,
594 2988 689 3054 quant
723 2967 808 3033 tanet
842 2968 897 3033 din
927 2967 999 3034 onte
1022 2969 1141 3034 cnrooit
1168 2967 1354 3051 Viltentain,

167 3126 216 3191 oir
250 3122 441 3209 eioqnentiae
471 3120 563 3186 tonde
598 3121 723 3198 olorns,
747 3121 835 3186 citios
858 3120 915 3186 icoc
936 3121 1142 3188 novissimam
1165 3142 1241 3207 opns
1263 3128 1354 3211 oeqni

164 3275 285 3341 indices
302 3293 363 3338 nno
384 3270 618 3344 orecciebront;
637 3292 760 3358 necepa
771 3271 942 3358 qnidqnarn
953 3271 992 3337 de
1004 3272 1149 3338 lendibus
1161 3275 1277 3339 snntrm
1289 3276 1351 3340 oiri

165 3424 356 3499 detrectabo,
387 3422 508 3487 etiamsi
532 3420 607 3485 naec
630 3421 700 3505 ipsa
718 3421 920 3488 classicorum
942 3423 1152 3511 interpretatio
1176 3445 1247 3489 vero
1272 3425 1352 3490 litte·

164 3598 274 3645 rarnnn
307 3574 409 3640 stadio
439 3571 519 3638 milti
550 3571 670 3638 obstare
700 3573 853 3643 videatur.
900 3572 1118 3662 Lanpnescnnt
1141 3577 1224 3642 enirn
1237 3533 1351 3642 'stnciia

162 3728 352 3817 philolopico
381 3725 464 3811 apad
497 3724 760 3812 sociandissirnsnn
787 3726 955 3812 papiriano,
990 3726 1103 3792 litteris
1125 3731 1193 3815 sere
1214 3727 1351 3793 dicerint

164 3890 287 3954 notam,
323 3879 357 3942 in
392 3877 479 3942 coins
501 3897 595 3941 nsnrn
630 3875 898 3956 inconcinnae»
933 3886 968 3943 nt
991 3877 1054 3943 dici
1076 3877 1195 3956 solent,
1218 3878 1351 3944 ednotnr

163 4033 208 4097 ita
240 4029 399 4095 institutae
434 4037 486 4104 nt,
520 4028 547 4092 si
585 4027 719 4092 Graccm
750 4029 789 4092 sit
810 4028 908 4107 tiber,
931 4029 1030 4095 versio
1054 4027 1184 4110 Latino,
1208 4033 1256 4096 sin
1278 4052 1349 4096 nero

164 4182 296 4248 Latinos
320 4189 496 4256 con-tentos,
522 4178 643 4244 Gallica
663 4180 874 4265 interpretatio
897 4181 1008 4246 dextro
1027 4182 1227 4249 snbnsittatnr
1242 4183 1347 4260 aenio,

163 4336 240 4400 cinno
266 4333 365 4418 ipsios
392 4329 515 4397 classici
543 4351 618 4415 opns
653 4330 779 4395 sinistro
805 4329 1020 4416 relinqnotnr,·
1052 4332 1134 4398 ande
1159 4334 1245 4419 seqni
1266 4355 1347 4399 asso-

162 4487 222 4564 let,
250 4506 327 4549 narn
350 4504 426 4568 prae
444 4501 568 4546 mornrn
591 4479 745 4566 elepantio
763 4480 832 4546 iilis
851 4502 913 4546 non
933 4481 1005 4549 iicet
1026 4506 1093 4550 esse
1114 4484 1347 4569 amphioniae,

161 4649 196 4704 nt
220 4636 271 4704 liic
291 4629 590 4702 ottero'snbmissior
613 4631 812 4699 dentrorsnni
831 4635 961 4702 oberret.
997 4634 1064 4706 Hoc
1084 4637 1204 4704 maiam
1226 4639 1347 4706 etiamsi
