2946 5182
245 575 328 639 urbis

516 349 634 396 CICERO
659 349 702 395 mi
726 347 769 393 RE
793 347 947 397 Pontice.

603 549 718 640 uenssls

716 699 744 734 tta
765 700 778 733 s
805 685 848 737 Ite

240 749 400 825 oratione,
426 746 478 812 sed
498 745 553 812 de·
601 746 881 817 oafflosebessxs
977 744 1007 808 d.
1032 748 1051 820 ὸ

284 871 344 934 fixa

236 991 398 1056 instituisti

597 995 782 1055 lrtsmuts⁷¹

236 1188 323 1254 reges
343 1176 573 1254 persequente·
600 1181 970 1251 neqaesrensequessem

124 1528 210 1609 §23
239 1522 291 1588 ille
312 1521 318 1611 Ι
339 1523 467 1587 Romuli

236 1711 360 1764 senatus

231 1830 367 1886 tentaret

232 2008 353 2084 regeret

584 1942 612 1976 tte

621 1341 736 1434 Caput
760 1344 832 1410 XII.

596 1546 628 1611 p.
656 1525 733 1587 281.

597 1655 737 1762 8ΑΘΝΔΤ118

596 1836 763 1883 seeum

593 2010 738 2057 aenenes
837 1989 868 2055 d.
896 1989 999 2055 media
1023 2012 1040 2054 e

230 2117 495 2204 excogitaverunt
593 2138 625 2203 p.
654 2115 731 2178 282.

230 2249 311 2302 esset
335 2248 388 2300 aut

231 2356 438 2424 obtinendum

121 2483 206 2565 §za
235 2482 304 2566 Quo

592 2229 749 2302 assessus

595 2352 800 2424 opimentum

596 2475 680 2566 quob

230 2600 517 2668 Lacedaemonium
593 2595 865 2669 ascietemomua

583 2725 624 2759 Res}
664 2747 687 2759 ..
727 2725 749 2757 Li

231 2796 337 2866 regem
370 2798 434 2840 non
465 2774 545 2840 deli·
593 2731 862 2841 scineaaesbus

275 2895 415 2986 gendum

230 3040 292 3105 hoe

621 2991 648 3022 .0.

594 3037 678 3103 hsec

229 3172 383 3250 potestate
403 3159 409 3250 I
429 3161 533 3250 potuit
590 3185 622 3250 p.
649 3163 725 3225 283.

230 3280 459 3369 qualiscunque

590 3298 839 3368 qusmscucoque

230 3401 459 3490 qualiscunque
518 3401 543 3465 is
590 3401 790 3489 Repetuntur
820 3395 873 3462 sed
904 3397 1019 3463 lineola
1047 3401 1180 3490 singulis
1205 3405 1326 3475 litteris

273 3524 355 3588 foret

231 3697 285 3785 qui

230 3879 365 3956 agrestes

117 4255 202 4338 525.
229 4251 311 4315 fama
336 4250 430 4316 ferret

228 4424 357 4490 adscivit

636 3522 750 3585 notatis
773 3530 893 3610 puncta
915 3521 1126 3611 suprascripta
1151 3541 1243 3593 sunt.

594 3653 658 3784 qui>
751 3694 782 3760 d.
810 3716 828 3762 ο

627 3822 643 3854 tt

594 3888 729 3934 messes

603 4031 718 4125 Caput
743 4033 831 4099 XIII.

612 4205 628 4238 Α
708 4211 719 4238 e

590 4273 797 4321 summissas
891 4255 923 4319 d.
949 4277 970 4318 u
993 4267 1024 4320 et
1048 4273 1060 4318 1

591 4387 740 4501 sesciim
837 4427 868 4495 d.
895 4448 914 4494 s

229 4545 425 4636 regnandum
453 4545 459 4636 Ι
485 4545 543 4612 Sa·
589 4572 619 4637 p.
646 4552 721 4614 284.

272 4667 383 4732 binum
