2946 5182
187 345 209 392 x
721 357 724 369 ι
736 364 824 376 ...-

185 555 323 611 meretum
331 568 342 618 ;
362 540 426 611 'seol
448 565 558 610 sennim
579 546 663 611 illusl
686 556 790 611 uotum
814 546 847 610 in
866 547 985 630 popina
1009 550 1092 623 mu,
1116 546 1149 610 ul
1173 554 1216 612 est
1240 547 1370 611 sinistro

184 698 348 784 scriptum,
371 702 496 785 superat
523 696 608 762 Galli
630 697 763 762 oculum.

233 847 319 928 Quool
349 848 481 934 alanique
516 847 565 936 (p.
601 845 679 935 672)
704 848 847 934 opinatur
866 849 916 913 oir
941 849 1068 914 doetus:
1098 847 1278 934 «probabile
1301 868 1369 912 esse

188 998 335 1085 «aliquid
371 999 443 1065 elici
471 1019 560 1085 posse
594 1019 610 1062 e
641 998 842 1083 palimpsesto
872 997 1012 1064 adhibito
1047 1019 1102 1084 ope
1135 998 1295 1084 clymieo,
1332 1008 1368 1062 ut

188 1150 401 1237 «srapmeutis
430 1147 601 1213 Licinianis
631 1151 750 1234 factunm
778 1158 869 1226 θεὴ»
902 1147 982 1214 milii
1004 1149 1130 1236 quislem
1153 1158 1259 1214 eontra
1281 1148 1367 1212 oisle-

182 1311 249 1378 tur,
276 1322 350 1366 nam
380 1299 580 1365 membranae
605 1292 771 1363 Tullianae
798 1298 862 1363 iam
893 1296 1017 1364 aMoio
1039 1297 1193 1384 clpmicis
1211 1299 1366 1384 reuponti-

182 1451 238 1524 lrus
272 1450 373 1516 illitae
408 1459 492 1527 sunt,
524 1449 606 1535 qual
642 1471 681 1514 uo
717 1451 832 1514 iterum
864 1449 921 1536 fiat
956 1469 1151 1534 summopere
1192 1449 1366 1514 cavendum

180 1622 302 1678 censeo,
326 1621 399 1666 nom
419 1621 500 1665 nosue
520 1600 641 1687 aliquid
662 1601 742 1666 lectu
760 1609 916 1687 superest,
938 1600 1013 1665 olum
1035 1599 1128 1665 audie
1144 1600 1289 1686 popellos
1306 1598 1365 1664 Li-

179 1753 318 1817 einionos
337 1771 396 1836 per
419 1750 565 1837 clymisa
587 1751 765 1839 obssrscatos
785 1772 859 1816 esse.
911 1751 1114 1837 Qrcoecunquo
1138 1759 1240 1816 erstem
1261 1750 1366 1837 lepore

176 1912 322 1992 potuero,
353 1901 489 1966 inuenies
519 1903 606 1987 infra
636 1902 669 1966 in
706 1901 874 1967 Collatioue
905 1923 999 1988 quom
1022 1901 1254 1967 cameratissime
1277 1903 1365 1987 typis

176 2054 339 2130 monelata,
364 2073 425 2138 quo
446 2052 479 2117 in
501 2074 536 2116 rc
560 2051 698 2118 Tulliani
717 2052 818 2137 operis
839 2052 1002 2119 lectoribus
1024 2074 1072 2117 me
1094 2073 1210 2117 morem
1228 2053 1364 2138 pessisse

175 2202 315 2288 'eonfidm
356 2223 430 2266 mose
461 2200 552 2264 ¹leisce
584 2222 600 2263 e
635 2199 829 2266 Bibliotheca
844 2201 1009 2267 ·—Vatioana
1045 2201 1186 2266 laborum
1219 2222 1362 2267 meorum

124 2351 128 2358 ’
172 2352 324 2440 primitiis
347 2372 424 2415 novo
448 2349 678 2414 snrliuneturus.

365 2645 479 2736 Scripsi
504 2645 857 2735 Lugduni-Batavorum
882 2643 1031 2710 Kalendis
1055 2645 1175 2709 Martiis

606 2765 689 2831 Anni
714 2764 927 2832 MDGGGLX.
