2946 5182
614 370 723 417 muros
746 368 851 414 rums.
933 342 935 347 ⁴
1263 349 1324 411 185

137 552 250 606 contra
285 562 377 605 usum
411 540 531 606 librarii
565 539 686 606 dederit
717 562 841 605 vexere
872 562 928 629 pro
961 539 1075 605 codicis
1099 561 1220 616 verser,
1249 560 1324 602 nam

139 662 242 727 forma
275 662 310 725 in
341 670 404 726 unt
436 674 580 727 constans
607 661 655 727 illi
678 675 744 740 est,
769 674 864 749 atque
883 661 997 751 passim
1021 660 1104 726 hanc
1133 661 1173 725 ob
1197 682 1323 724 causam

139 782 332 872 reponenda.
382 779 496 849 Carere
528 805 692 871 possumus
723 783 865 847 locorum
892 783 1075 860 notatione,
1100 781 1156 847 ubi
1178 780 1323 845 librarius

136 904 172 968 in
191 900 373 968 nominihus
395 903 528 993 propriis
552 903 678 968 miscuit
699 925 740 966 oe
764 915 795 968 et
819 925 856 982 e,
880 916 990 968 contra
1010 902 1206 992 analogiam,
1228 925 1325 991 quam

137 1023 241 1090 Maius
273 1037 358 1089 recte
387 1025 420 1089 in
444 1024 492 1089 his
516 1037 641 1091 secutus
664 1036 711 1090 est
734 1037 766 1089 ct
788 1023 822 1089 in
845 1024 926 1100 aliis,
950 1023 1006 1088 ubi
1028 1023 1155 1089 librario
1178 1022 1324 1112 placebat

138 1157 320 1210 constanter
332 1149 541 1210 cerimoniae
553 1158 584 1211 et
596 1167 680 1210 cena
693 1145 839 1211 scribere.
876 1142 979 1211 Simili
991 1144 1084 1209 modo
1101 1144 1216 1209 sufficit
1227 1144 1323 1209 verbo

138 1280 262 1332 certum
291 1290 383 1332 usum
414 1280 553 1347 notasse,
588 1291 625 1332 ex
657 1289 719 1356 quo
752 1266 871 1356 ubique
898 1266 963 1331 fere
985 1290 1015 1356 p
1045 1267 1254 1355 suprascripta
1278 1277 1324 1330 est

137 1387 261 1453 litterae
297 1389 315 1450 b
345 1388 379 1451 in
412 1387 513 1453 verbis
550 1387 679 1452 scribsi
687 1437 696 1466 ‚
734 1388 919 1465 scribtum,
945 1387 1097 1466 labsum,
1123 1387 1248 1464 nubta,
1272 1409 1322 1451 eo·

138 1532 274 1597 rumque
306 1510 485 1604 compositis
516 1509 604 1574 etin
628 1508 695 1573 aliis
719 1530 793 1574 cum
814 1509 1046 1599 praepositione
1070 1508 1107 1572 ob
1130 1507 1318 1585 coniunctis;

137 1630 240 1696 editor
271 1642 359 1719 grata
389 1631 600 1696 inconstantia
624 1630 787 1718 utriusque
810 1630 929 1696 formae
954 1628 1040 1696 dedit
1063 1627 1216 1718 exempla.
1265 1626 1323 1694 Se·

138 1750 261 1816 eundae
281 1752 391 1816 manui
410 1752 531 1842 placuit
545 1750 815 1842 praepositionum
839 1752 919 1830 sud,
939 1749 1006 1830 ad,
1028 1773 1107 1828 eon,
1129 1753 1167 1814 in
1185 1748 1323 1813 litteram

138 1872 268 1938 finalem
298 1885 419 1939 vertere
441 1875 476 1938 in
498 1896 569 1939 eam
593 1897 655 1962 qua
678 1873 789 1962 incipit
812 1873 944 1939 verbum
968 1871 1117 1962 simplex,
1142 1870 1227 1936 unde
1248 1870 1323 1935 fecit

139 2017 235 2073 suc,
256 2018 332 2072 ac-‚
354 1994 424 2080 af-‚
443 2018 523 2083 agn,
544 1995 598 2057 al·
610 2043 619 2072 ,
640 2018 725 2084 ap·,
747 2002 823 2073 at·‚
844 1996 926 2072 eol·,
947 2017 1035 2071 cor·,
1057 1992 1121 2071 it,
1144 1996 1191 2055 ir·
1203 2014 1214 2069 ;
1237 1990 1322 2079 quod

138 2115 234 2180 serbo
264 2115 423 2180 monuisse
450 2126 607 2204 praestat,
640 2137 737 2203 quam
767 2115 945 2204 promiscue
977 2125 1143 2200 utramque
1167 2113 1322 2201 composi-

137 2237 258 2303 tionem
288 2235 465 2320 exhibere,¹
485 2247 522 2300 ut
550 2236 652 2302 Maius
682 2235 768 2301 lecit.
792 2300 796 2309 ,
817 2234 938 2301 lladem
969 2235 1090 2299 ratione
1113 2231 1254 2298 ridemus
1277 2257 1323 2330 se-

138 2355 276 2422 cundam
305 2378 436 2420 manum
468 2356 584 2444 passim
615 2356 824 2444 corrigentem
837 2441 840 2447 ,
855 2379 887 2418 m
910 2379 968 2445 pro
991 2379 1014 2419 rr
1036 2356 1070 2420 in
1092 2355 1322 2445 praepositione

139 2483 177 2542 ire
205 2490 236 2544 et
262 2500 323 2542 eon
352 2487 424 2542 ante
448 2499 478 2565 p
510 2474 559 2540 vel
588 2476 627 2554 b,
659 2475 715 2540 ubi
746 2476 847 2541 Maius
877 2496 1000 2565 semper
1030 2500 1062 2540 m
1092 2474 1190 2540 dedit.
1240 2474 1321 2539 Tum

137 2598 235 2665 habet
264 2598 360 2663 codex
392 2619 565 2686 umquam,
594 2610 625 2662 et
661 2598 828 2664 accusativi
860 2598 960 2663 forma
995 2599 1029 2662 in
1052 2620 1075 2661 n
1095 2607 1168 2663 ante
1192 2595 1265 2659 dem
1290 2607 1322 2660 et

138 2721 231 2786 dam.
280 2719 347 2785 Nec
382 2719 545 2783 lucramur
577 2720 738 2786 notatione
775 2719 959 2798 verborum,
999 2720 1031 2783 in
1068 2718 1181 2808 quibus
1212 2729 1321 2782 contra

138 2839 362 2929 etymologiam
384 2840 527 2928 peccarit
550 2862 631 2905 unus
655 2852 687 2906 et
709 2840 790 2906 alter
811 2841 949 2907 litteram
973 2841 995 2904 t
1014 2836 1187 2904 omittendo
1208 2837 1321 2903 adscri-

139 2961 294 3039 bendore;
328 2960 456 3048 linguae
489 2959 627 3026 Graecae
653 2963 754 3026 maior
777 2974 823 3028 est
847 2962 1015 3027 auctoritas
1037 2961 1071 3025 in
1093 2959 1142 3024 his
1166 2981 1262 3047 quam
1285 2957 1321 3022 li-

139 3081 236 3146 brarii
258 3078 505 3168 exceptionibus.
550 3081 640 3147 Idem
663 3081 785 3148 dictum
804 3083 899 3148 velim
922 3081 961 3147 de
985 3085 1052 3147 iet
1073 3104 1115 3168 y,
1142 3103 1219 3168 quos
1238 3102 1322 3146 erro·

139 3225 188 3268 res
211 3213 334 3266 notasse
357 3223 422 3264 non
446 3213 546 3267 racat.
596 3203 692 3268 Porro
720 3203 822 3269 Maius
847 3226 920 3269 usus
947 3215 994 3268 est
1022 3203 1097 3267 ein
1124 3200 1225 3267 verbis
1248 3224 1322 3267 cum

139 3325 307 3388 nuntiare
338 3322 537 3411 compositis,
571 3346 652 3412 quae
683 3323 828 3390 librarius
851 3347 908 3415 per
933 3333 947 3388 t
970 3322 1069 3404 dedit;
1096 3322 1233 3413 denique
1253 3346 1322 3391 cor·

138 3457 242 3510 rector
264 3443 373 3532 paucis
397 3442 586 3530 quibusdam
610 3444 687 3511 locis
710 3446 859 3535 expunxit
883 3468 901 3510 s
923 3457 993 3535 post
1016 3444 1154 3511 litteram
1176 3467 1213 3508 x.
