2926 5182
171 354 190 413 4
481 383 484 387 -
544 362 663 410 c1cuac
688 362 730 409 na
755 362 797 408 ns
821 360 975 411 ruauca.

169 536 496 623 servavitllxcerpta,
517 533 645 599 iamiam
656 533 690 597 in
701 532 852 599 carbones
868 534 934 599 abit
946 558 958 615 ;Ι
979 546 1034 600 aut
1051 533 1092 598 ob
1111 556 1238 601 causam
1259 553 1356 624 quam

171 655 236 722 dixi
263 655 372 721 charta
393 677 467 720 curn
487 656 632 720 universa
656 655 810 743 scriptura
839 654 1001 721 obfuscata
1024 668 1089 734 est,
1123 654 1208 745 quod
1230 670 1358 746 praeter

169 777 330 867 exempla,
357 799 437 866 quae
460 777 526 866 ipse
549 775 633 854 vidi,
662 774 810 842 accidisse
828 777 892 842 scio
912 777 945 841 in
967 776 1076 842 Granii
1095 777 1252 843 Liciniani
1269 778 1356 867 frag-

168 898 302 976 mentis,
335 909 366 963 et
397 897 504 962 locum
530 895 677 962 habuisse
710 894 822 962 dicunt
853 897 887 962 in
919 908 1055 985 quatuor
1077 897 1143 963 istis
1172 894 1355 988 fragmentis

169 1018 321 1084 Tullianis
345 1017 464 1083 scilicet
486 1016 525 1083 de
550 1018 648 1097 Fato,
679 1010 761 1106 quae
793 1016 833 1083 A.
854 1018 1041 1084 Ferruocius
1063 1018 1123 1084 sibi
1145 1019 1228 1084 visus
1252 1031 1299 1084 est
1317 1020 1355 1084 in

167 1139 273 1206 lucem
296 1161 466 1205 revocasse.
517 1137 608 1223 Quod
640 1160 680 1203 ne
703 1137 781 1203 item
804 1138 899 1203 unico
931 1138 1086 1204 Vaticano
1112 1136 1222 1206 Godioi
1245 1138 1284 1205 de
1308 1140 1356 1206 Re

169 1259 301 1326 Publica
336 1259 512 1338 accideret,
546 1270 717 1348 antequam
757 1258 872 1347 aliquis
910 1281 984 1326 usus
1019 1259 1202 1326 melioribus
1242 1261 1355 1326 nostris

168 1382 363 1471 temporibus
396 1380 515 1445 librum
550 1380 727 1445 accuratius
761 1379 964 1459 contulisset,
1000 1404 1057 1470 pro
1092 1382 1210 1447 viribus
1244 1405 1356 1448 cavere

167 1502 273 1580 rolui,
299 1513 330 1567 et
353 1501 397 1566 sic
421 1501 652 1567 bibliothecam
676 1499 865 1566 Vaticanam
881 1523 989 1589 quum
1011 1501 1266 1591 frequentarem,
1300 1522 1362 1568 oo«

169 1621 292 1688 dinibus
309 1623 490 1702 nonnullis,
513 1645 576 1712 qua
596 1635 675 1687 tunc
696 1620 873 1711 gaudebam
891 1622 1007 1711 insigni
1025 1618 1233 1703 liberalitate,
1259 1646 1355 1712 quam

170 1746 346 1834 gratissimo
369 1745 475 1809 animo
497 1744 640 1834 profiteri
662 1765 727 1808 non
746 1742 875 1822 desino,
899 1743 1090 1832 pervolutis,
1116 1743 1156 1808 ad
1179 1743 1256 1810 Maii
1280 1742 1370 1810 001--

169 1866 320 1932 lectiones
344 1867 487 1931 animum
506 1865 635 1955 appuli,
659 1858 1154 1953 arrogantiae'criminefortasse
1176 1865 1353 1945 notandus,

171 1987 256 2077 quod
288 1987 541 2053 adolescentulus
570 1986 775 2052 novissimum
803 1983 952 2072 quodque
982 1985 1136 2075 attingere
1166 1975 1354 2067 maluerim,

169 2108 372 2173 classicorum
405 2109 568 2198 ingentem
603 2107 823 2172 collectionem
855 2117 1027 2195 antequam
1061 2129 1125 2172 non
1161 2108 1262 2173 solum
1297 2131 1355 2198 pro

169 2229 300 2295 dimidia
329 2242 419 2318 parte
446 2229 610 2318 legissem,
643 2226 696 2293 sed
720 2250 760 2293 ne
783 2227 1005 2294 intellexissem
1030 2228 1170 2318 quidem.
1220 2227 1283 2296 Sed
1311 2231 1355 2296 sic

170 2350 305 2416 solemus
330 2349 426 2414 alacri
448 2350 548 2439 magis
568 2348 670 2413 studio
691 2371 788 2437 quam
810 2349 891 2413 iusta
910 2347 1079 2437 prudentia
1102 2348 1209 2427 ducti,
1235 2372 1298 2438 qua
1321 2350 1354 2415 in

170 2494 204 2538 re
231 2473 257 2536 si
287 2492 450 2549 erravero,
484 2469 605 2534 iuvabit
627 2492 679 2536 me
702 2492 767 2536 non
790 2468 892 2534 solum
914 2469 1071 2534 laborasse
1094 2468 1155 2534 hoc
1178 2469 1274 2548 vitio,
1307 2463 1354 2535 sin

169 2605 299 2671 contra,
325 2594 464 2659 virorum
483 2590 649 2657 doctorum
669 2588 771 2656 studia
792 2590 938 2655 Tulliana
957 2614 994 2656 ex
1014 2590 1075 2656 hoc
1094 2613 1165 2655 meo
1186 2589 1355 2678 qualicun-

171 2738 233 2804 que
258 2713 366 2779 labore
390 2712 617 2779 detrimentum
640 2711 751 2776 saltem
774 2711 900 2775 nullum
925 2712 1061 2801 capient.

214 2832 316 2925 Igitur
338 2834 459 2924 publici
483 2832 558 2897 iuris
585 2832 726 2897 facturus
758 2853 839 2920 quae
871 2855 951 2897 nova
983 2844 1037 2898 aut
1065 2831 1279 2898 emendatiora
1303 2834 1355 2898 in·

169 2955 276 3021 venire
306 2954 396 3019 licuit
427 2953 461 3017 in
491 2948 660 3016 (lodicibus
689 2951 871 3030 Vaticanis,
901 2977 919 3019 e
950 2952 1064 3042 quibus
1096 2953 1198 3019 Maius
1225 2953 1355 3020 classica

170 3098 265 3165 opera
300 3075 424 3157 Latina,
438 3073 559 3163 primus
589 3073 760 3163 protraxit,
792 3072 882 3138 lubet
904 3073 1032 3139 initium
1063 3074 1166 3141 facere
1202 3098 1220 3138 a
1250 3074 1355 3141 Libris

169 3195 209 3262 de
240 3196 287 3262 Re
320 3194 481 3273 Publica,
508 3217 572 3259 uon
602 3206 708 3260 tamen
736 3194 821 3283 quod
852 3195 900 3260 his
931 3196 965 3261 in
1005 3197 1113 3286 primis
1149 3194 1252 3262 studia
1283 3220 1355 3263 mea

169 3329 258 3384 tanto
281 3316 477 3406 profuerint,
510 3339 585 3381 nam
609 3328 713 3381 cetera
737 3339 819 3404 quae
837 3316 940 3387 ‚Maius
963 3316 1080 3396 edidit,
1105 3319 1226 3383 maiora
1249 3319 1354 3384 incre-

168 3450 276 3504 menta
299 3449 392 3502 nacta
415 3460 481 3503 esse
504 3460 541 3502 ex
565 3438 698 3526 repetita
714 3437 850 3503 lectione
874 3438 975 3503 libens
994 3438 1114 3518 fateor,
1147 3451 1179 3504 et
1199 3462 1254 3504 suo
1281 3440 1353 3505 loco

169 3559 353 3649 apparebit,
389 3571 459 3624 tum
493 3559 525 3623 in
553 3557 615 3623 hoc
646 3558 817 3637 fasciculo,
850 3571 919 3624 tum
947 3559 980 3624 in
1013 3559 1131 3639 altero,
1169 3583 1264 3649 quem
1292 3561 1353 3625 alia

170 3679 325 3747 Codicum
354 3680 557 3746 Bobiensium
580 3677 655 3743 folia
685 3679 886 3769 palimpsesta
910 3680 943 3745 iu
966 3679 1034 3745 aliis
1057 3678 1257 3745 bibliothecis
1287 3698 1353 3746 ser·

168 3814 240 3868 vata
271 3823 370 3890 quum
402 3801 583 3888 inspexero,
627 3797 767 3864 editurus
799 3823 880 3866 sum.
937 3798 1068 3866 Accedit
1100 3788 1164 3866 buc
1204 3799 1287 3891 quod
1317 3801 1352 3865 in

170 3923 267 3988 altera
288 3943 343 3986 sua
364 3919 501 3986 editione
526 3919 659 4008 (Romae
681 3918 779 4008 1828)
805 3920 906 3986 Maius
929 3920 1042 3986 melius
1065 3919 1148 3985 hanc
1169 3943 1258 3985 suam
1276 3943 1353 4010 pro·

169 4043 305 4108 vinciam
318 4040 597 4119 administraverit,
623 4063 698 4105 narn
710 4041 784 4106 viris
803 4040 924 4131 doctis,
946 4041 1089 4107 certatim
1103 4041 1158 4131 qui
1177 4042 1210 4107 in
1231 4041 1353 4109 edendo

169 4174 201 4228 et
224 4160 421 4228 emendando
444 4163 648 4228 novissimum
670 4162 853 4229 Tullianum
873 4186 971 4252 opus,
996 4162 1109 4229 versati
1132 4176 1241 4244 erant,
1267 4165 1352 4230 etin

169 4281 367 4349 coniiciendo
391 4281 637 4362 desudaverant,
663 4284 835 4373 quaerebat
849 4284 932 4374 quod
945 4284 1095 4350 obiiceret
1114 4286 1182 4350 iure
1199 4309 1256 4351 suo
1276 4310 1353 4352 auc·

169 4404 289 4470 toritati
308 4403 395 4467 unici
421 4402 494 4468 libri
513 4403 653 4484 innisus3
680 4404 765 4469 locos
789 4405 828 4471 de
849 4428 985 4495 quorum
996 4405 1132 4472 lectione
1151 4406 1199 4472 illi
1218 4406 1352 4474 dubium

169 4536 350 4602 moverant,
383 4523 560 4590 accuratius
588 4525 741 4615 inspexit,
774 4539 806 4592 et
835 4527 879 4593 sic
903 4525 1043 4593 codicem
1073 4527 1186 4593 melius
1219 4531 1352 4596 excussit

171 4659 205 4712 ut
229 4647 380 4735 speciosas
401 4645 473 4708 istas
494 4645 693 4735 impugnaret
718 4649 934 4727 coniecturas,
959 4661 1082 4727 cetera,
1108 4671 1188 4737 quae
1212 4650 1244 4714 in
1269 4652 1352 4740 opti-
