2946 5182
525 390 530 410 ⁵
557 387 742 438 scararum
767 390 908 438 comem.
1287 372 1323 434 ll

185 556 249 625 sed
272 558 359 625 aliud
378 573 424 625 est
443 558 483 626 de
503 561 651 627 omnibus
670 561 724 640 iis,
749 580 831 648 qnae
848 561 959 625 manui
979 559 1135 626 secundae
1155 558 1326 639 debemus,

137 677 308 770 diligenter
334 681 420 746 enim
452 681 607 748 rationem
636 680 735 746 habui
765 692 978 771 punctorum,
1004 702 1086 770 quae
1110 692 1268 746 corrector
1290 682 1328 746 iis

138 800 252 867 litteris
282 800 465 890 adscripsit,
500 822 578 890 quas
609 812 823 891 expungeret,
856 812 893 866 ut
922 801 1015 866 verbo
1038 813 1110 866 utar
1133 801 1207 869 inde
1230 815 1326 881 nato,

88 947 97 962 ·
140 922 215 1011 quia
246 920 388 987 codicem
410 921 526 1011 insigni
548 921 656 988 labore
679 934 711 988 et
733 942 807 988 vera
826 921 985 1011 'elegantia
1008 920 1202 1011 descriptum
1225 945 1328 990 crassa

140 1042 282 1110 Minerva
317 1041 486 1108 emendare
520 1064 620 1133 mum
655 1041 843 1123 dedeceret,
878 1055 998 1133 puncto
1033 1054 1157 1110 notaret
1188 1044 1327 1112 litteram

140 1175 196 1228 ant
218 1185 346 1242 rocem,
371 1185 435 1252 qua
454 1175 535 1230 esset
553 1175 733 1253 peecatum.
781 1185 803 1227 «
814 1162 848 1229 Si
859 1163 954 1229 rerba
965 1213 974 1244 ,
996 1165 1040 1230 sic
1060 1164 1325 1255 lllaiuspag.1.x,

141 1282 284 1350 addenda
305 1295 398 1365 sunt,
418 1307 456 1352 ea
476 1304 570 1375 supra
589 1307 715 1352 versum
725 1333 735 1365 ,
753 1285 855 1350 rarius
872 1284 906 1351 in
925 1286 1068 1375 margine
1083 1285 1326 1367 adscribantur,

140 1404 189 1471 sin
206 1403 419 1486 detrahenda,
440 1428 478 1473 ea
496 1403 623 1496 punctis
642 1429 736 1496 saepe
756 1426 892 1496 superne
911 1429 982 1472 raro
1001 1407 1124 1472 inferne
1136 1419 1327 1474 notantur.»

141 1525 203 1592 Hic
225 1527 347 1594 fallitur
367 1527 491 1595 etiamsi
513 1526 613 1592 oculis
640 1527 837 1592 acutissimus
856 1524 977 1606 editor,
1002 1547 1076 1591 nam
1096 1539 1242 1593 constans
1261 1550 1328 1593 mos

140 1646 371 1728 emendatoris,
413 1661 449 1714 ut
481 1659 611 1738 ¹puncto
645 1647 784 1726 litteras,
820 1668 903 1736 quae
937 1644 1091 1713 delendae
1125 1646 1327 1728 riderentur,

140 1780 264 1835 notaret
286 1791 421 1859 superne
444 1768 568 1849 addito,
593 1768 716 1834 nullam
738 1768 800 1834 fert
811 1768 1050 1858 exceptionem,
1075 1766 1185 1846 idest,
1208 1783 1328 1858 puncto

140 1889 264 1956 inferne
287 1891 402 1980 scripto
425 1889 515 1955 nulla
537 1889 643 1956 littera
664 1890 698 1955 in
721 1887 783 1955 hoc
805 1887 916 1955 codice
933 1886 1127 1954 detrahenda
1147 1901 1207 1956 est.
1242 1876 1328 1957 Cou-

140 2023 189 2076 tra
219 2023 293 2077 sunt
324 2012 443 2078 multae
474 2011 598 2078 litterae
620 2034 654 2078 re
676 2033 750 2077 tera
773 2009 943 2089 delendae,
968 2009 1027 2075 sub
1050 2009 1165 2100 quibus
1189 2014 1330 2078 cernitur

141 2130 275 2221 aliquid3
309 2146 355 2199 est
381 2154 497 2223 nempe
519 2132 636 2223 duplex
659 2130 787 2199 delendi
810 2133 909 2212 ratio,
935 2131 1021 2199 ande
1044 2131 1084 2199 de
1106 2132 1234 2222 duplice
1257 2155 1329 2199 eor-

141 2253 282 2319 rectione
301 2266 397 2343 atque
416 2253 456 2320 de
474 2252 598 2319 duobus
610 2252 865 2319 emendatoribus
878 2253 959 2319 sitne
974 2252 1195 2343 cogitandum,
1213 2252 1328 2320 dubius

141 2362 276 2455 haereo,
300 2376 365 2440 imo
388 2375 485 2465 ipsius
508 2372 718 2442 emendatoris
737 2374 860 2440 subtilis
883 2373 1047 2463 diligentia
1068 2373 1223 2464 impedit,
1248 2397 1328 2464 quo·

141 2497 246 2562 minus
265 2518 314 2564 res
333 2496 535 2563 diiudicetur.
573 2497 612 2563 ln
630 2496 712 2562 libro
727 2494 867 2561 seeundo
883 2496 1042 2584 tertioque
1060 2468 1197 2562 sedeeim
1212 2496 1327 2584 locis¹l

141 2641 199 2709 pm
234 2619 368 2686 solemni
401 2629 522 2710 puncto
556 2618 676 2684 litteras
706 2616 768 2682 hoc
798 2615 922 2706 sigum’
957 2638 1093 2706 superne
1116 2639 1182 2685 esse
1205 2628 1329 2684 notatas

141 2740 229 2821 nolo;
265 2740 341 2830 quid
364 2741 519 2808 levissimo
542 2741 603 2806 hoc
626 2738 807 2804 discrimine
830 2736 948 2814 subsit,
977 2758 1042 2802 non
1065 2739 1239 2827 perspicio,
1264 2740 1329 2806 imo

141 2884 183 2927 ne
195 2860 400 2928 'coniiciendo
423 2861 556 2952 reperiri
577 2859 714 2951 poterit,
739 2858 864 2950 opinor3
891 2855 978 2923 aliud
1001 2869 1067 2937 est,
1092 2858 1230 2925 secunda
1242 2861 1329 2928 enim

141 2982 269 3050 delendi
302 2982 490 3062 methodus,
526 3004 590 3072 qna
624 3003 718 3048 nemo
750 3000 814 3045 non
846 2979 967 3059 utitur,
1003 2989 1039 3045 nt
1069 2979 1189 3047 litteras
1219 2982 1334 3050 vitiose

142 3105 272 3194 scriptas
294 3103 411 3170 lineola
435 3103 565 3193 obliqua
587 3112 676 3169 notet
695 3103 729 3168 in
752 3101 841 3167 hune
863 3098 1006 3167 modum:
1030 3102 1050 3176 b
1071 3102 1188 3192 passim
1211 3104 1245 3169 in
1267 3103 1331 3171 hoc

143 3224 251 3292 codiee
282 3225 439 3305 occurrit,
472 3237 504 3291 et
535 3224 658 3314 saepius
689 3223 886 3290 coniunctim
912 3244 986 3289 cum
1021 3223 1131 3290 altera.
1180 3223 1330 3292 Attamen

143 3348 291 3438 antiquus
332 3346 517 3414 emendator
555 3359 685 3438 propter
726 3346 875 3412 erirniam
907 3344 1081 3435 scripturae
1115 3345 1331 3435 pulchritudi-

142 3491 236 3548 nem,
261 3469 392 3558 opinor,
416 3468 614 3536 tenuissimas
634 3463 760 3534 tantum
786 3480 872 3540 trans
889 3467 962 3532 istas
981 3465 1101 3532 litteras
1121 3466 1209 3533 duxit
1228 3468 1332 3534 lineo-

143 3590 207 3669 las,
229 3605 307 3680 quas
325 3590 476 3658 facillime
495 3610 577 3680 aqua
597 3589 748 3668 abstulit,
769 3600 801 3655 et
815 3599 946 3679 propter
957 3588 1125 3654 atramenti
1136 3588 1330 3678 paucitatem

143 3711 177 3776 iu
200 3733 252 3777 eas
273 3712 324 3777 rix
347 3734 440 3801 agere
462 3722 634 3802 potuerant
658 3710 817 3799 chymica3
844 3709 921 3775 hinc
940 3709 1080 3788 factum,
1106 3721 1142 3775 ut
1162 3709 1245 3776 bona
1257 3735 1333 3801 pars

143 3855 252 3899 earum
282 3833 479 3913 litterarum,
510 3853 588 3922 quas
618 3830 756 3898 monada
784 3852 897 3897 manus
928 3851 1052 3895 summo
1083 3830 1163 3896 iure'
1180 3829 1333 3900 delendas

144 3954 319 4033 censuerit,
344 3966 583 4020 renascerentur
605 3952 725 4042 absque
744 3951 880 4032 lineola,
903 3971 985 4041 qnae
1004 3951 1127 4018 etiamsi
1146 3955 1332 4022 tenuissima

136 4074 251 4142 abesse
281 4097 346 4141 non
380 4075 523 4156 deberet3
553 4087 585 4142 et
615 4074 709 4164 uulgo
740 4073 867 4140 nonnisi
889 4074 1009 4140 maiore
1033 4074 1200 4141 oculorum
1223 4076 1331 4143 inten-

179 4375 204 4437 1)
230 4372 259 4422 Π
282 4373 331 4436 §4
353 4379 394 4434 ct,
417 4377 432 4422 6
456 4391 496 4435 ne,
523 4379 550 4423 11
575 4372 768 4438 Esquiz'llinnm,
793 4379 823 4426 28
847 4373 987 4440 attingisse,
1011 4379 1043 4425 36
1060 4373 1156 4441 pluria,
1184 4380 1216 4425 43
1233 4385 1273 4438 ct,
1291 4376 1327 4440 is,

145 4467 176 4518 44
192 4470 336 4532 dominoco,
362 4473 392 4520 47
407 4485 498 4534 quom,
525 4475 555 4522 48
573 4472 695 4537 cogitare,
722 4475 755 4522 50
772 4472 958 4537 interpraetati,
984 4471 1052 4532 dvis,
1079 4471 1195 4537 inpertit,
1221 4479 1253 4525 55
1271 4476 1328 4528 reli·

145 4580 229 4629 quem,
247 4571 278 4618 67
297 4567 390 4631 effecit,
408 4569 451 4620 ΙΙΙ
468 4570 483 4632 ξ
499 4575 515 4620 3
532 4571 708 4633 volumtatem,
725 4576 898 4634 terrerentur,
917 4576 948 4621 23
966 4569 1084 4622 institiae.
