2926 5182
176 351 218 412 44
556 364 681 414 cronno
697 362 740 408 nr
766 362 807 410 en
831 365 984 412 runmcr.

174 535 295 601 iectura
330 534 405 601 Maii
437 533 582 600 omnibus
616 546 743 624 recepto
777 557 834 623 pro
866 533 1054 600 undantem
1084 536 1118 601 in
1149 539 1274 625 poetice
1302 537 1366 606 hac

173 656 309 745 regionis
339 655 549 746 descriptione
571 655 701 734 fortusse
724 654 927 721 retinendo.»
970 654 1128 724 0sounus.
1176 656 1219 724 dt
1241 672 1288 725 est
1314 683 1366 726 se·

173 776 296 842 eundae
326 799 439 842 manus
470 797 534 841 non
565 774 642 840 Maii
672 775 846 854 correctio,
876 787 909 841 et
930 776 977 841 nil
1001 776 1177 867 quidquam
1199 781 1365 870 poeticum

172 896 321 987 equidem
345 919 455 977 cerno3
481 895 535 962 sed
557 896 608 960 foc
632 897 677 961 itu
699 918 766 961 esse
789 907 885 985 atque
907 918 996 962 sume
1017 897 1077 964 tibi
1094 911 1203 989 poetas
1223 899 1364 966 undare

172 1041 229 1108 pro
261 1018 440 1083 abundare
475 1016 606 1095 dixisse,
630 1016 692 1082 hoc
715 1015 785 1082 loco
809 1015 896 1082 uliud
918 1017 1081 1108 intelligo,
1107 1042 1182 1085 nem
1197 1020 1365 1108 fontibus

172 1140 308 1205 undare
330 1139 383 1205 hic
406 1161 463 1228 pro
488 1160 601 1227 aquas
629 1137 717 1202 dare
740 1161 758 1203 e
781 1137 922 1203 fontibus
946 1139 1169 1229 accipiendum
1191 1153 1284 1208 esset.

222 1380 280 1447 XI.
315 1384 333 1466 §
360 1382 415 1446 21.
467 1377 657 1443 Videtisne
681 1383 795 1469 igitur
818 1383 924 1444 unius
947 1383 1022 1443 viri
1044 1382 1191 1446 consilio
1215 1405 1283 1447 non
1308 1405 1366 1449 so·

173 1504 242 1567 lum
267 1509 380 1565 ortum
404 1522 524 1565 nouum
539 1502 726 1591 populum,
756 1522 864 1588 neque
888 1504 989 1564 utin
1013 1501 1195 1566 cunabulis
1219 1507 1367 1593 vogien·

174 1631 240 1686 tem
276 1623 456 1700 relictum,
487 1621 552 1685 sed
583 1619 743 1686 edultum
779 1625 850 1687 iam
886 1630 921 1687 et
945 1644 1062 1713 paene
1085 1623 1261 1712 puberem.
1310 1621 1367 1691 Sic

172 1755 258 1810 recte
288 1742 415 1822 editur,
446 1743 569 1808 etiamsi
600 1742 749 1832 equidem
777 1766 835 1833 pro
867 1741 932 1808 sed
959 1742 1090 1832 legerim
1120 1744 1154 1808 in
1178 1743 1288 1810 codice
1313 1753 1365 1822 et,·

173 1875 245 1930 sunt
276 1865 361 1931 enim
392 1863 538 1929 maculae
569 1864 602 1928 in
630 1863 691 1928 hec
721 1885 850 1952 quoque
872 1864 989 1954 pagina
1010 1863 1259 1953 frequentiores,
1285 1887 1367 1955 quos

172 1984 274 2050 Maius
302 2008 361 2075 pro
393 2009 410 2049 s
440 1984 566 2065 hebuit3
600 1983 762 2073 subiungit
794 1983 847 2050 ille
870 1985 1037 2050 manifesto
1061 1984 1221 2051 aduttum
1244 1985 1366 2054 hebere

172 2104 311 2183 librum,
336 2106 379 2170 ito
398 2116 422 2169 'a
445 2105 547 2195 prima
569 2127 691 2183 manu,
716 2103 769 2170 sed
793 2103 931 2170 secundo
955 2128 992 2169 er
1017 2124 1030 2170 1
1052 2104 1128 2170 iecit
1148 2125 1179 2171 ι.

219 2344 306 2411 XIV.
342 2346 359 2429 §
395 2346 449 2410 26.
498 2341 719 2410 Patrocinio.
768 2344 830 2410 Hic
861 2367 989 2435 quoque
1017 2357 1228 2413 correctorem
1251 2344 1366 2414 deien-

172 2464 247 2532 dam
281 2488 407 2531 necesse
442 2478 508 2544 est,
545 2465 598 2531 cui
630 2464 732 2531 Maius
766 2466 911 2530 vitiosam
945 2464 1114 2533 lectionem
1138 2470 1367 2557 petroccinio

173 2583 325 2652 obtrudit.
374 2585 499 2677 Duplex
531 2598 661 2677 apparet
691 2587 725 2651 in
747 2586 809 2653 hoc
832 2585 986 2652 uocabulo
1011 2586 1184 2666 correctio,
1209 2599 1367 2679 utsupra

173 2708 303 2786 monui,
336 2705 390 2773 sed
421 2719 556 2796 utraque
587 2719 673 2774 recte
695 2705 851 2796 procedit3
878 2707 995 2771 etenim
1012 2706 1227 2797 patriciinr'o
1251 2729 1366 2799 supru-

174 2813 289 2920 scripta
313 2852 331 2893 o
354 2828 457 2919 primo
480 2827 563 2894 bene
585 2825 752 2893 emendate
776 2838 863 2905 erut,
888 2838 956 2892 tum
981 2825 1201 2916 supe-redditae
1224 2841 1300 2895 sunt
1322 2830 1366 2896 ob

174 2950 272 3017 altera
299 2972 398 3016 manu
428 2972 466 3014 oe
495 2959 527 3015 et
559 2952 593 3026 i,
625 2970 662 3015 ex
693 2952 729 3012 oi
757 2948 864 3013 littere
892 2971 916 3012 n
944 2946 1049 3026 facte,
1080 2947 1248 3014 subiuncta
1279 2930 1313 3014 o*
1329 2951 1367 3016 in

174 3072 335 3160 margine,
364 3082 396 3135 et
426 3079 582 3158 expuncto
613 3068 794 3136 terminatio
827 3072 885 3133 nio
916 3069 949 3132 in
973 3069 1119 3157 sequenti
1141 3091 1246 3149 versu3
1273 3073 1367 3160 atqui

174 3192 266 3258 curiis
289 3190 390 3257 modis
413 3189 494 3257 bene
517 3190 638 3255 iactum
661 3201 739 3256 eret.

215 3432 286 3500 XV.
313 3439 331 3522 §
356 3387 410 3500 ee.
459 3433 655 3500 Memoriae
680 3433 864 3523 prod-itum
888 3442 952 3499 est.
1004 3432 1149 3501 Osonnus
1169 3433 1275 3525 lapsus
1294 3448 1365 3516 est,

173 3555 228 3621 ubi
247 3554 331 3621 hunc
354 3554 520 3645 probatem
544 3554 714 3621 lectionem
737 3577 812 3620 cum
835 3554 920 3620 Maio
944 3554 1076 3644 aliisque
1095 3553 1266 3635 exhibens,
1291 3579 1366 3623 eam

172 3677 293 3765 primae
315 3676 425 3741 monui
447 3675 578 3754 tribuit,
603 3698 679 3741 nam
703 3675 788 3765 quod
807 3675 888 3741 hoec
907 3675 1038 3742 dederat
1057 3680 1129 3756 sit,
1150 3689 1236 3743 recte
1255 3700 1367 3746 emen·

174 3794 259 3864 derit
278 3795 376 3864 altere
396 3797 430 3861 iu
450 3804 515 3862 est.
560 3795 643 3861 Raro
662 3807 770 3862 eutem
790 3820 807 3860 a
828 3808 1005 3864 correctore
1024 3797 1191 3864 discedunt
1213 3797 1364 3868 editores.

219 4035 308 4105 Ibidt
352 4034 466 4127 Saepe
495 4041 586 4102 euim
616 4039 677 4103 hoc
708 4037 751 4103 de
774 4039 965 4103 maioribus
994 4049 1081 4104 natu
1104 4038 1306 4104 audiuimus
1329 4051 1368 4106 et

175 4165 229 4224 ita
264 4159 496 4248 intelligimus
530 4160 632 4250 vulgo
663 4163 879 4225 existimari.
929 4158 1049 4227 Verum
1080 4173 1146 4240 est,
1184 4159 1269 4251 quod
1298 4161 1366 4227 iam

176 4280 278 4346 Maius
300 4279 396 4359 uidit,
421 4292 578 4370 expuncta
600 4304 667 4346 esse
692 4285 801 4346 etita
823 4282 1076 4371 intelligimus,
1098 4294 1239 4348 ottemen
1255 4304 1367 4349 omnes

176 4401 309 4467 editores
332 4400 469 4468 retinent
486 4401 541 4467 ille
559 4424 617 4492 pro
631 4401 798 4483 Tullianis3
821 4401 969 4490 equidem
982 4401 1151 4468 subdubito
1164 4404 1367 4494 scripseritne

177 4524 220 4588 sic
259 4519 389 4602 Cicero,
429 4545 504 4587 nam
533 4521 599 4587 fere
628 4520 747 4612 ubique
777 4533 936 4591 corrector
966 4522 1047 4595 bene
1075 4523 1274 4603 emendarit,
1299 4524 1366 4590 iam

178 4643 263 4709 aliud
301 4644 375 4733 quid
412 4643 587 4710 adscribere
620 4643 744 4721 omisit,
779 4644 910 4733 opinor,
945 4655 998 4708 eut
1031 4644 1124 4710 rerba
1151 4644 1268 4712 haecce
1301 4645 1366 4710 alio
