2946 5182
581 384 584 388 ‡
608 372 871 420 aurunarmrms.
1265 360 1328 422 207

189 541 357 608 Versamur
389 543 422 607 in
453 542 556 630 capite
585 539 624 607 de
655 540 812 622 Somniis,
838 543 926 630 atqui
951 541 976 630 ἕ
1002 549 1021 607 5
1047 541 1125 632 εἰς
1154 546 1194 608 10
1218 547 1329 612 reseri-

140 661 283 729 bendum
308 665 367 729 erit
398 685 472 728 eum
496 661 627 739 ecdico,
653 661 737 750 quod
761 661 823 727 loci
846 663 1026 752 postulant:
1074 687 1094 727 a
1107 662 1229 730 Cassius
1253 667 1330 733 vidit

139 784 173 849 in
205 788 335 850 somnio
367 783 529 850 hominem
560 783 808 872 peraegrandem
842 783 941 873 (legm
966 784 1219 875 pergrandem)
1253 809 1329 852 eon-

139 917 263 971 cretum
295 927 386 971 coma
419 915 450 970 et
473 903 617 982 barha‚»
641 916 672 969 et
696 904 890 970 «Hamilcar
914 904 1035 970 audisse
1060 905 1120 970 sibi
1142 907 1175 971 in
1201 912 1331 972 somnio

138 1026 221 1091 risus
242 1038 326 1092 est.»
359 1024 400 1092 At
420 1027 455 1090 in
477 1024 588 1114 Paride
603 1047 703 1114 quum
716 1024 862 1091 versabar
873 1025 1093 1105 emendando,
1117 1027 1332 1094 demonstrare

140 1159 271 1212 conatus
295 1169 365 1212 sum
387 1147 421 1212 in
446 1146 544 1213 altero
568 1147 711 1236 exemplo
735 1169 851 1211 somno
874 1170 940 1212 esse
960 1148 1199 1214 rescribendum
1220 1161 1331 1215 eontra

88 1290 91 1298 ¹
139 1268 215 1334 Maii
249 1267 441 1346 lectionem,
480 1268 569 1333 euius
604 1266 817 1333 inconstantia
851 1289 892 1332 ne
927 1266 1008 1332 mihi
1030 1290 1117 1333 nunc
1141 1268 1329 1346 obiiciatur,

139 1388 268 1453 observo
304 1387 390 1452 aliud
424 1411 491 1455 csse
518 1411 588 1479 per
617 1410 768 1452 somnum
801 1386 993 1466 exaudire,
1029 1386 1113 1452 aliud
1139 1391 1177 1452 io
1202 1393 1331 1454 somnio

140 1509 210 1573 sita·
231 1508 364 1588 videri,
389 1508 475 1597 quod
498 1508 727 1598 utroqueloco
752 1507 971 1598 reponendum
995 1521 1052 1574 est.
1079 1560 1085 1573 .

145 1680 146 1683 ,
185 1629 289 1699 Minus
325 1642 410 1696 recte
445 1630 591 1695 ianuario
627 1628 757 1695 retinuit
794 1626 883 1717 Gap·
909 1632 929 1692 9
966 1626 989 1716 §
1021 1633 1040 1693 7
1075 1629 1332 1696 coniunctionem

140 1749 226 1815 haud
250 1749 419 1816 absonam:
470 1750 598 1816 «Gaius
627 1749 791 1815 Fabricius
812 1749 979 1815 Luscinius
1005 1749 1107 1839 (legc:
1136 1751 1331 1831 Luscinus,

140 1883 183 1940 ut,
199 1869 417 1958 Parishabet)
444 1871 554 1975 consul
578 1880 611 1935 et
634 1870 822 1959 praecipuus
846 1870 1018 1960 imperator
1042 1870 1188 1936 Thurinis
1217 1872 1331 1938 auxilio

140 2004 249 2058 erat.»

185 2113 276 2179 Peius
306 2126 414 2179 tamen
443 2112 576 2201 impegit
608 2110 631 2200 S
664 2116 705 2190 8,
738 2111 794 2177 ubi
825 2112 1003 2201 Nepotiane
1035 2111 1231 2184 reddendum
1255 2136 1332 2179 eon·

139 2232 254 2298 tendo:
282 2233 395 2299 «Deos
418 2244 547 2322 penates
571 2230 697 2298 Aeneae
722 2230 874 2297 ascanius
899 2232 1029 2297 Lavinio
1049 2232 1173 2298 Albam
1193 2246 1334 2299 transtu·

141 2356 257 2425 leret.»

187 2474 280 2566 Opus·
301 2498 366 2541 nou
397 2486 464 2553 est,
489 2486 524 2538 ut
547 2485 658 2540 contra
683 2471 828 2537 codicem
850 2471 992 2560 legamus
1016 2469 1040 2560 ἕ
1068 2475 1128 2538 13:
1182 2474 1333 2558 Quintam

141 2595 306 2663 Claudiam
330 2618 444 2684 «quae
466 2594 684 2661 inhaerentem
708 2593 797 2657 vodo
822 2591 942 2674 Tiberis
965 2594 1167 2658 uaremritta
1188 2595 1332 2675 movit,›>

138 2741 196 2808 pro
220 2722 257 2784 in
281 2717 382 2782 vado.

185 2839 271 2905 Duos
294 2838 414 2903 librarii
437 2836 585 2902 ridiculos
609 2858 740 2901 errores*
752 2833 931 2900 emendarit
944 2832 1081 2922 MaiusS
1097 2837 1163 2898 25:
1188 2835 1333 2922 «Pyrrhi

138 2961 242 3050 pollex
272 2959 412 3026 remedio
443 2972 510 3025 crat
543 2959 568 3022 si
592 2957 645 3023 cui
665 2956 738 3045 (pro
762 2955 874 3043 cuius)
900 2967 1173 3021 renes-tumentes
1197 2979 1238 3021 eo
1257 2959 1332 3023 teti-

138 3082 242 3170 gisset».
290 3081 378 3147 Idem
405 3081 450 3146 sic
475 3079 568 3157 arsit,
593 3090 628 3142 ut
651 3077 755 3167 pollex
778 3076 844 3166 igni
868 3076 1063 3144 inveniretur
1084 3077 1233 3142 intactus.
1270 3078 1332 3163 Qui

138 3201 254 3291 digitus
283 3223 378 3267 aureo
410 3202 485 3266 eolo
509 3199 649 3264 inclusus
672 3210 707 3264 et
727 3197 761 3262 in
785 3197 1003 3286 antiquissimo
1027 3198 1145 3287 templo
1170 3197 1333 3265 Dodonaei

54 3401 57 3406 Ι
138 3322 219 3388 Iovis
243 3321 426 3388 conditus.»
461 3321 553 3410 Legit
571 3320 657 3385 enim
678 3341 750 3385 eum
775 3317 877 3384 Plinio
902 3318 943 3383 Η.
970 3316 1011 3384 Ν.
1039 3317 1091 3396 ΙΙ,
1114 3320 1277 3398 noculo,
1301 3332 1332 3384 at

137 3443 342 3512 inserendum
376 3456 422 3511 est
457 3467 493 3508 cr
526 3442 634 3508 codice
664 3440 795 3507 rerbum
826 3438 999 3504 «inclusus
1032 3448 1085 3503 est
1118 3451 1148 3504 et
1179 3441 1211 3505 iu
1245 3462 1274 3504 a.
1308 3452 1334 3506 t.

140 3565 322 3631 conditus.»
370 3564 514 3652 Denique
543 3562 753 3653 «praedictus
785 3560 924 3647 Pyrrhus
959 3573 991 3625 et
1024 3560 1148 3626 Prusias
1176 3582 1277 3626 unum
1300 3583 1334 3627 os

139 3684 320 3750 habuerunt
354 3708 410 3774 pro
442 3683 626 3749 dentibus»
650 3682 731 3748 ordo
750 3679 954 3747 invertendus
978 3691 1044 3745 est:
1072 3703 1158 3770 «pro
1185 3678 1334 3746 dentibus

125 3803 127 3808 ’
139 3805 360 3874 habuerunt.»

137 3971 151 3983 .
185 3926 232 3990 Ex
261 3925 373 3991 eodem
403 3925 490 3991 fonte
512 3923 618 3991 hausit
641 3923 837 4013 Nepotianus
864 3920 974 4010 §35:
1025 3921 1142 3987 «Bura
1166 3923 1334 3989 etHelioe

140 4046 234 4113 urbes
266 4048 300 4112 in
329 4046 468 4113 Achaico
491 4044 583 4112 litore
605 4045 755 4110 fluctibus
779 4045 911 4109 obrutae
934 4055 1028 4140 suut,
1053 4054 1219 4131 terraeque
1243 4057 1334 4110 motu

138 4191 208 4239 csse
228 4168 417 4236 destiterunt
427 4192 462 4248 ‚u
487 4168 540 4234 cui
562 4151 760 4256 paiagrapho
781 4164 983 4253 subiungitur
1000 4164 1033 4227 in
1054 4164 1182 4230 codice:
1210 4164 1334 4230 «Item

58 4341 61 4347 .
141 4297 176 4362 et
211 4312 336 4377 myriza
371 4311 457 4375 coge
492 4291 621 4353 civitas
650 4295 815 4377 potens.»
857 4284 1004 4374 Intelligo
1036 4283 1224 4372 Smyrnam,
1250 4309 1333 4375 quac

139 4423 281 4500 tempore
318 4410 362 4475 M.
401 4408 523 4476 Aurelii
555 4421 657 4474 terrae
688 4420 777 4473 motu
808 4419 926 4472 vastata
955 4417 1001 4471 est
1016 4455 1028 4485 ,.
1058 4419 1153 4496 atque
1186 4406 1265 4472 hacc
1290 4404 1337 4470 illi

138 4531 250 4597 reddo.
679 4562 680 4568 κ
766 4589 767 4592 ,

186 4651 269 4720 Male
302 4650 434 4720 discedit
468 4651 569 4719 Maius
595 4675 611 4715 a
635 4649 743 4719 codice
769 4646 848 4738 Cap.
877 4654 917 4715 10
942 4646 967 4737 §
994 4652 1054 4715 10:
1106 4646 1234 4715 «Senes
1259 4647 1334 4713 olim
