2946 5182
150 336 191 397 26
524 350 642 398 crcuno
667 349 709 397 nr
734 350 776 396 ns
800 349 955 397 runsrcs.

147 518 224 588 sidit
257 518 342 607 quod
370 519 488 586 librum
518 520 656 588 intuenti
688 519 871 610 apparebit,
902 517 941 583 ad
963 518 1025 584 boc
1048 519 1150 609 ipsum
1173 518 1339 606 pertinere

148 637 298 707 Godicem
331 641 569 731 palimpsestum
603 640 643 706 de
678 640 725 706 Re
761 640 914 720 Publica,
951 641 1004 706 cui
1035 640 1141 705 locum
1177 640 1202 705 si
1234 639 1338 704 Musis

145 761 269 851 placet,
304 762 481 852 principem
509 763 592 828 inter
625 761 792 851 quadratas
823 775 855 828 et
884 762 1131 828 maiuscularum
1162 760 1338 851 scripturas

147 882 300 972 assignat!
349 881 447 947 Maius
469 883 626 973 perspexit
647 882 788 973 aliquid,
813 904 909 972 quern
932 905 997 948 non
1019 882 1143 972 fugerat
1166 882 1284 948 littera:
1310 905 1338 947 u

146 1001 243 1069 semel
284 1001 505 1068 tantummodo
546 1003 610 1069 sic:
655 1022 676 1067 r
717 1003 832 1091 scripta
874 1003 908 1069 in
942 1015 1008 1069 toto
1043 1001 1166 1082 codioe;
1203 1015 1234 1068 at
1269 1002 1335 1069 hoc

145 1123 267 1189 obtinet
289 1121 397 1187 locum
419 1123 453 1186 in
477 1122 594 1187 rustico
617 1145 752 1211 genere,
777 1146 837 1190 nec
859 1125 995 1205 mirum,
1017 1148 1092 1190 nam
1109 1123 1182 1189 libri
1201 1123 1233 1189 ΙΙ
1252 1123 1336 1188 titu-

143 1244 193 1310 lus
213 1244 247 1309 in
267 1265 331 1331 quo
354 1243 492 1308 occurrit
515 1243 676 1332 exceptio,
701 1244 746 1310 sic
769 1258 920 1312 exaratus·
935 1257 1001 1324 est,
1026 1257 1062 1311 ut
1085 1244 1336 1334 distingueretur

145 1364 185 1430 ab
216 1364 356 1443 unciali,
390 1386 471 1453 quae
502 1363 612 1430 solam:
647 1387 670 1431 u
703 1367 854 1455 agnoscit.
904 1363 1059 1433 Convenit
1090 1379 1195 1432 autern
1217 1363 1280 1431 boc
1301 1378 1335 1432 et

144 1498 248 1553 cetera
280 1507 362 1574 quae
392 1483 537 1550 dicebam
567 1484 685 1550 indicia
715 1485 837 1575 singula
869 1487 902 1552 in
935 1486 1081 1552 Tulliano
1105 1487 1213 1553 codice
1237 1485 1332 1552 obvia

144 1629 219 1673 curn
250 1628 364 1695 genere
390 1604 465 1684 illo,
492 1605 577 1694 quod
600 1605 726 1672 saeculo
749 1618 855 1686 serto,
881 1607 1014 1697 septimo
1038 1620 1134 1695 atque
1161 1621 1272 1674 octavo
1297 1609 1332 1674 in

144 1751 205 1794 usu
233 1727 328 1792 fuisse
359 1739 501 1817 apparet.
550 1727 618 1793 lam
653 1725 773 1796 Osanni
800 1729 981 1794 coniectura
1004 1727 1043 1795 de
1068 1741 1181 1817 quarto
1203 1729 1333 1795 sacculo

143 1851 235 1918 certis
263 1846 532 1939 palaeographicis
562 1851 755 1938 argumentis
783 1850 874 1916 cadat
904 1873 1031 1918 necesse
1055 1862 1121 1929 est,
1145 1862 1177 1916 et
1200 1872 1335 1939 promo·

143 1984 253 2039 veatur
297 1971 396 2036 nostri
438 1969 554 2035 codicis
592 1983 676 2036 aetas
707 1971 747 2036 ad
779 1972 927 2061 quintum
958 1985 1138 2051 senumve,
1170 1984 1206 2037 ut
1236 1971 1334 2039 facile

144 2091 352 2158 demonstrari
374 2102 489 2181 potest.

189 2211 464 2302 Simplicissimum
491 2211 524 2277 in
555 2210 686 2276 modum
716 2235 773 2302 per
804 2225 941 2280 suasmet
963 2215 1045 2303 ipsas
1068 2213 1191 2279 tabulas
1215 2212 1333 2281 Silves-

142 2350 224 2402 trem
244 2335 278 2400 in
302 2335 386 2400 riam
408 2332 559 2400 reducere
581 2356 722 2422 possem,
752 2334 927 2425 ablegando
951 2334 1103 2401 lectorem
1126 2333 1164 2399 ad
1191 2337 1230 2400 17
1256 2357 1333 2425 spe-

143 2456 260 2522 cimina
293 2455 379 2520 illius
413 2466 508 2544 atque
542 2452 789 2544 Ghampollionis
824 2468 1022 2546 argumenta3
1060 2454 1113 2521 sed
1143 2454 1234 2521 lubet
1263 2455 1333 2522 iam
1427 2483 1428 2487 ¹

142 2575 235 2665 plura
265 2575 329 2640 imo
353 2575 486 2640 certiora
510 2575 638 2654 afferre,
663 2575 748 2665 quod
770 2589 908 2666 praestat
930 2578 963 2642 in
988 2600 1021 2642 re
1044 2598 1142 2665 vaga,
1167 2574 1247 2641 sicut
1270 2599 1334 2666 pa-

142 2695 344 2786 laeographia
368 2695 451 2787 apud
476 2695 629 2786 quosdam
649 2695 756 2774 audit,
777 2718 836 2761 nec
854 2695 981 2760 iniuria.
1031 2694 1195 2761 Habemus
1211 2719 1332 2787 nempe

143 2817 285 2906 quinque
307 2816 358 2882 rel
379 2839 432 2882 ser
455 2816 629 2904 scripturae
653 2815 785 2880 uncialis
808 2814 970 2906 exempla,
995 2815 1035 2881 de
1059 2839 1195 2904 quorum
1223 2829 1330 2884 aetate

142 2950 278 3016 constat;
300 2949 347 3003 est
367 2938 424 3004 Er.
447 2943 466 3003 3
486 2938 520 3002 in
541 2935 608 3002 tab.
630 2955 692 3002 rm
712 2935 795 3027 apud
815 2936 986 3017 Mabillon‚
1007 2936 1112 3003 Codex
1132 2937 1331 3027 Regularum

141 3053 338 3123 Corbciensis
368 3057 425 3124 ΝΟ.
460 3061 547 3136 630,
579 3070 722 3124 exaratus
752 3059 835 3125 inter
863 3061 926 3125 701
961 3071 993 3125 et
1017 3062 1105 3138 703,
1134 3071 1170 3124 ut
1193 3057 1329 3124 demon-

141 3190 219 3245 strat
249 3177 411 3244 Pontificis
443 3177 572 3244 Maximi
600 3178 749 3245 Iohannis
777 3180 822 3246 Vl
845 3181 986 3258 notatio,
1012 3180 1102 3270 atqui
1123 3180 1263 3268 pertinet
1287 3178 1330 3244 ad

140 3323 234 3367 usum
266 3299 367 3389 qualis
389 3299 456 3388 ipso
480 3298 596 3365 saeculi
620 3300 745 3389 septimi
767 3300 831 3367 fine
854 3301 999 3391 rigebat,
1023 3324 1120 3391 quam
1141 3323 1215 3390 ergo
1238 3311 1328 3366 aeta·

140 3434 205 3490 tem
226 3419 336 3489 Oresio
355 3420 568 3487 Laurentiano
586 3421 700 3488 lubens
719 3421 858 3510 assigno,
881 3423 966 3511 qnod
982 3417 1062 3488 ‘alias
1082 3420 1325 3500 demonstrabo,

140 3543 261 3634 publici
290 3541 366 3608 iuris
392 3542 532 3608 facturus
556 3543 673 3631 egregii
697 3540 771 3607 libri
794 3542 995 3609 collationem
1019 3544 1202 3621 meliorem,
1228 3563 1327 3630 quam

140 3664 216 3730 olim
240 3663 468 3753 Harercampio
493 3662 638 3729 submisit
660 3662 871 3729 bibliothecae
883 3663 968 3730 illius
980 3665 1168 3754 praefectus.
1230 3661 1325 3728 Anno

139 3789 205 3851 625
235 3785 368 3875 scriptus
398 3795 444 3850 est
475 3781 645 3873 Augustini
676 3782 905 3850 Bellovacensis
935 3780 1157 3874 in‘Epistolas‘
1174 3783 1325 3882 lobannis

139 3906 223 3998 apud
247 3906 383 3972 eundern
407 3906 465 3971 llx.
491 3909 524 3972 2.
550 3905 617 3972 tab.
642 3905 752 3985 laud,
777 3907 810 3971 in
835 3930 898 3996 quo
921 3918 1093 3996 apparent:
1121 3929 1159 3985 a,
1184 3905 1206 3970 b
1230 3905 1325 3971 simul

139 4050 213 4094 cum
244 4046 285 4106 n,
317 4049 354 4105 c,
386 4025 406 4090 d
436 4048 509 4092 cum
533 4026 631 4093 altera
654 4028 835 4094 rotundiore
859 4027 898 4106 ὂ,
924 4051 960 4106 e,
985 4025 1027 4106 h,
1052 4050 1094 4115 p,
1121 4050 1142 4115 q
1165 4039 1244 4106 cet.;
1271 4026 1325 4091 cui

138 4151 204 4216 fere
242 4141 375 4237 aequale
409 4160 456 4213 est
491 4146 525 4215 S.
559 4148 749 4239 Salabergae
777 4146 996 4216 Lauduncnsis
1025 4147 1213 4213 Psalterium
1247 4146 1325 4212 anni

139 4273 226 4348 655,
257 4265 374 4334 ibidem
407 4268 464 4333 Ex.
503 4271 518 4334 1
544 4270 610 4336 tab.
639 4269 748 4349 laud,
773 4270 807 4334 in
831 4291 895 4358 quo
916 4279 1042 4357 praeter
1066 4268 1141 4333 alias
1166 4268 1322 4348 cursitas,

17 4450 21 4460 .
137 4413 273 4481 quarum
310 4390 470 4480 specimen
497 4390 551 4459 hic
580 4390 648 4457 dari
678 4391 809 4481 nequit,
841 4389 965 4455 littera:
999 4413 1033 4454 m
1063 4391 1108 4456 sic
1142 4388 1321 4479 reperitur,

137 4512 234 4607 aliae,
259 4511 374 4602 quibus
396 4513 489 4580 facile
510 4513 660 4580 transitus
684 4512 721 4578 lit
733 4511 772 4576 ad
789 4507 1099 4600 Anglo-Saxonicam
1117 4510 1319 4600 scripturam.

137 4633 289 4724 Sequitur
328 4632 443 4714 codes,
488 4636 520 4700 in
554 4658 616 4723 quo
652 4633 777 4722 Fragm.
818 4631 950 4721 Apolog.
989 4631 1132 4721 Gregorii
1168 4630 1318 4699 Nazianz.
