2946 5182
573 358 835 406 annunsrrorrs.
1237 347 1299 408 169

115 525 211 603 siam,
236 526 325 591 ouius
348 524 563 594 defensionem
587 531 761 621 supplicem
784 531 883 597 nollet
906 529 1057 609 recitare,
1084 553 1104 592 <r
1115 531 1221 610 aufer,
1248 532 1300 596 in-

114 647 203 734 quit,
228 669 356 734 quaeso
380 652 525 716 istam.»
574 653 675 737 Quem
698 653 820 718 etiarnsi
843 675 906 717 non
929 652 1083 718 habemus
1107 665 1300 718 annuentem

112 766 180 845 vl,
214 773 276 855 8§
304 771 343 848 1,
368 785 502 837 nonest
528 752 676 838 eur'Lib.
704 774 768 851 VI,
795 772 872 864 Cap.
898 778 919 840 8
945 776 1002 859 §1
1039 775 1193 840 absomun
1224 775 1300 841 reti-
1381 765 1386 773 ⁴

111 912 244 955 neamus
274 891 418 958 ordinem
454 895 553 983 «ipso
590 899 820 986 promittente
856 896 969 984 fidem
1005 920 1129 962 servo.»
1177 897 1297 974 Maius,

111 1023 221 1076 contra
239 1010 335 1078 habet
355 1014 484 1081 fortasse
507 1016 567 1081 sibi
586 1018 806 1096 assentientes,
830 1018 886 1082 ubi
909 1018 1091 1084 adversante
1115 1018 1223 1084 codice
1241 1017 1299 1082 de·

110 1130 193 1197 derit
224 1133 295 1199 Lib.
323 1134 404 1213 VII,
430 1133 506 1226 Gap.
532 1141 551 1201 2
578 1140 595 1222 §
621 1142 683 1203 23:
709 1162 813 1204 «cum
837 1153 971 1228 utraque
994 1163 1041 1206 res
1066 1139 1164 1229 opud
1184 1161 1298 1229 regern

110 1262 256 1344 accepta
291 1255 329 1320 sit
337 1279 371 1334 ,»
403 1255 574 1322 dummodo
606 1257 668 1324 hoc
691 1259 879 1326 adnotasset.
929 1259 1049 1326 Eodem
1081 1262 1182 1351 capite
1212 1264 1229 1345 §
1254 1265 1296 1325 37

111 1374 197 1464 quod
242 1376 347 1442 dedit:
390 1379 498 1444 «duos
533 1403 630 1469 equos
665 1383 847 1460 constituit,
883 1381 1108 1447 validissimum
1143 1383 1295 1459 alterum,

112 1497 390 1583 infirmissimum
423 1502 619 1580 alterurn,»
655 1502 805 1567 Latinum
840 1524 904 1566 non
939 1515 1005 1581 est,
1042 1503 1075 1567 ni
1107 1502 1217 1582 fallor,
1243 1501 1296 1566 sed

110 1619 298 1706 transposita
328 1620 518 1709 respondent
541 1621 726 1688 emendatae
750 1622 879 1689 lectioni
903 1622 1019 1689 codicis
1043 1624 1208 1688 Bernensis
1234 1624 1297 1687 Va·

109 1738 182 1803 lerii
209 1739 287 1819 VII,
313 1747 333 1805 3
360 1743 377 1826 §
404 1746 436 1807 6.
486 1742 605 1808 Paridis
628 1766 741 1808 manus
764 1742 944 1833 reponenda
967 1756 1014 1809 est
1037 1766 1108 1809 eum
1134 1744 1242 1810 codice
1266 1756 1297 1810 et

111 1862 238 1927 Valerio
259 1862 354 1941 VIII,
376 1867 418 1929 14
443 1866 513 1930 Est.
540 1867 557 1950 §
585 1871 625 1946 3,
650 1867 683 1931 in
709 1864 882 1932 Aristotelis
894 1866 996 1931 rerbis
1009 1864 1080 1931 Lib.
1095 1865 1188 1944 VIII,
1216 1864 1294 1955 Gap.

111 1989 154 2049 13
181 1987 198 2068 §
226 1988 266 2048 9:
294 1985 449 2074 «planius
473 1985 515 2050 de
536 1989 593 2051 lais
613 1989 682 2051 sihi
703 1989 737 2052 in
751 1985 922 2053 Theodecti
945 1986 1033 2051 libris
1052 1985 1173 2051 dictum
1192 2008 1296 2052 esse.»

109 2104 256 2193 Denique
287 2118 455 2195 transpone
488 2107 550 2172 duo
585 2108 680 2173 rerba
710 2107 821 2172 ultima
844 2105 1032 2197 paragraphi
1055 2106 1186 2172 ultimae
1209 2108 1297 2197 capi-

107 2227 150 2291 tis
172 2224 282 2290 itidem
305 2226 409 2292 ultimi
433 2227 521 2293 Libri
544 2228 610 2306 IX,
638 2251 742 2319 «eum
766 2228 820 2292 ille
847 2227 1027 2292 Ariarathes
1050 2251 1068 2291 a
1090 2221 1134 2293 Μ.
1158 2226 1296 2293 Antonio

108 2351 244 2412 occisus
277 2357 414 2427 esset,›>
450 2370 645 2437 quamquam
669 2348 812 2412 Valerius
835 2348 900 2426 IX,
925 2351 964 2413 15
991 2349 1061 2413 En.
1090 2351 1239 2432 §Zrem
1262 2351 1295 2416 in

107 2468 213 2533 medio
247 2468 416 2557 relinquat.
466 2468 599 2533 Necnon
621 2469 655 2533 in
679 2469 767 2534 Libri
791 2468 835 2546 X,
862 2468 987 2533 Valerio
1011 2468 1104 2558 vulgo
1128 2470 1293 2561 adscripti,

109 2595 127 2675 §
164 2595 184 2653 3
218 2590 361 2678 peccarit
392 2589 493 2654 Maius
523 2590 555 2654 in
582 2589 701 2654 verbis:
752 2587 909 2654 «Ancum
932 2612 1125 2677 praenomen
1153 2592 1295 2658 Valerius

109 2709 219 2775 Antias
252 2710 379 2789 scribit,
413 2711 498 2799 quod
529 2709 672 2775 cubitum
704 2711 851 2775 ritiosrun
881 2708 1047 2789 hahuerit,
1085 2713 1139 2799 qui
1176 2713 1294 2779 Graece

109 2831 213 2908 ἀγκὼν
237 2843 367 2895 vocatur
375 2853 409 2909 ,»
433 2829 529 2895 codex
554 2830 640 2894 enim
663 2828 788 2894 erhibet
812 2842 974 2895 «vocatur
997 2811 1145 2897 anfion.»

155 2949 333 3017 Redeamus
357 2950 396 3015 ad
420 2951 553 3015 Librum
576 2950 611 3029 I,
639 2948 717 3039 Cap.
745 2957 763 3014 5
790 2953 807 3034 §
831 2955 872 3028 7,
897 2951 953 3015 ubi
977 2952 1077 3017 Maius
1101 2952 1296 3041 negligenter

109 3071 225 3137 edidit:
261 3094 365 3137 «cum
398 3071 442 3136 M.
476 3071 592 3136 Brutus
625 3071 781 3137 Graecum
809 3093 933 3136 versum
961 3072 1056 3138 vellet
1080 3096 1294 3164 exponerem

109 3217 184 3258 nam
216 3192 313 3258 codex
337 3216 409 3258 cum
434 3191 558 3256 Valerio
583 3190 597 3255 I
609 3241 617 3270 ,
645 3197 662 3257 5
691 3194 708 3276 §
737 3196 755 3255 7
781 3193 979 3258 consentiens
1002 3193 1098 3260 habet
1120 3195 1181 3260 hac
1204 3196 1237 3259 in
1261 3218 1295 3260 re

109 3315 240 3381 terbum
265 3315 414 3378 usitatum
440 3335 650 3403 expromere.

117 3428 121 3440 ’
156 3435 340 3525 Typothetis
375 3457 513 3500 errorem
536 3434 701 3500 tribuerim
725 3434 844 3501 ibidem
869 3437 886 3520 §
911 3438 952 3514 9,
977 3435 1216 3501 Priennenses
1240 3437 1295 3524 qui

109 3557 266 3623 dederunt
297 3579 370 3623 cum
398 3556 518 3647 duplici
541 3582 564 3622 n
588 3571 696 3623 contra
720 3557 879 3636 codicem,
904 3580 979 3623 nam
1001 3557 1096 3622 modo
1121 3556 1205 3622 idem
1229 3580 1295 3622 rer·

111 3678 189 3743 bum
213 3691 297 3744 recte
321 3691 490 3767 posuerant
513 3677 778 3744 Prienensibus.

158 3800 335 3866 Genuinam
371 3799 506 3863 formam
542 3799 627 3864 Paris
659 3811 834 3864 servaverat
863 3795 940 3887 Cap.
968 3802 987 3863 6
1013 3800 1117 3883 §.122
1145 3801 1295 3888 «apium

109 3921 305 3987 examinibus
329 3920 416 4009 signa
436 3919 600 3986 obscurata
622 3917 681 3984 (ln.
704 3919 846 4009 Pompeii
856 3942 889 3997 ,›>
911 3942 1007 4007 qnam
1027 3919 1191 4008 Kcmpfius
1211 3932 1296 3986 recte

109 4041 245 4108 reddidit
274 4041 400 4107 Valerio
432 4041 469 4121 I,
499 4045 519 4105 6
545 4045 561 4127 §
588 4044 644 4121 123
672 4053 780 4106 contra
805 4040 905 4105 Maius
929 4054 960 4105 et
982 4040 1104 4106 codices
1127 4039 1296 4107 deteriores

111 4162 261 4229 exhibent
296 4163 430 4228 formam
462 4162 496 4227 in
531 4185 598 4226 nm.
648 4162 768 4227 Iniuria
797 4162 898 4227 Maius
931 4160 1041 4228 eodem
1074 4163 1176 4251 capite
1207 4163 1224 4245 §
1255 4165 1294 4227 15

109 4285 251 4374 scripsit:
291 4307 312 4347 <r
323 4283 438 4350 Xerxes
462 4283 602 4348 infusum
619 4291 754 4372 patero
778 4281 886 4345 vinum
910 4281 942 4346 in
967 4283 1152 4372 sanguinem
1172 4306 1294 4349 versum

109 4405 299 4494 imaginatus
322 4416 413 4483 est,»
438 4402 535 4468 codex
558 4402 644 4468 enim
668 4414 699 4466 et
724 4400 868 4466 Valerius
892 4401 925 4479 I,
951 4406 970 4467 6
997 4403 1067 4469 Ext.
1094 4404 1110 4488 1
1136 4407 1150 4468 1
1177 4403 1295 4468 habent

101 4534 266 4616 poterae.

149 4646 306 4724 ‚Eiusdem
349 4646 558 4736 negligentiae
598 4644 695 4713 habes
737 4644 963 4712 documentum
1006 4644 1081 4736 Gap.
1126 4651 1144 4712 7
1189 4643 1212 4735 §
1250 4650 1292 4711 2:

1057 4768 1091 4818 19
