2946 5182
329 1199 778 1320 FRAGMENTUM
809 1200 1132 1320 INEDITUM

678 1424 779 1491 Anile
1054 1492 1057 1496 ,

191 1590 331 1668 DOMNI
356 1593 580 1670 BONIFAOII
605 1593 938 1673 ARCHIEPISOOPI
963 1597 1017 1671 ΕΤ
1040 1593 1287 1670 MARTYRIS.

582 1875 585 1887 ¹
678 1882 784 1916 413>-

184 2120 296 2185 Libros
331 2122 509 2210 argumenti
537 2122 752 2210 grammatici,
790 2146 867 2212 quos
899 2124 1040 2216 Angelus
1071 2124 1172 2190 Maius
1204 2121 1335 2212 primus

137 2242 255 2322 edidit,
281 2243 424 2308 conferre
447 2265 512 2307 non
533 2242 627 2324 libuit
646 2256 774 2333 propter
794 2248 943 2337 temporis
955 2246 1127 2336 angusties;
1154 2243 1226 2308 aliis
1237 2293 1248 2323 ,
1273 2243 1334 2333 qui

139 2363 172 2428 in
198 2363 259 2429 hoo
280 2364 455 2429 studiorum
475 2386 589 2453 genere
609 2365 690 2430 vitae
709 2364 950 2432 tabernaculum
967 2377 1157 2458 posuerunt,
1181 2387 1225 2430 ne
1251 2363 1333 2454 quid

139 2485 363 2575 praeriperem.
397 2483 460 2551 Sed
483 2507 547 2549 non
569 2508 696 2573 possum
719 2487 797 2574 quin
821 2487 973 2554 eschedis
985 2489 1063 2555 meis
1076 2486 1241 2551 Vaticanis
1253 2509 1334 2575 pro-

137 2607 237 2672 feram
260 2606 415 2672 ineditum
440 2605 609 2694 quemdem
632 2606 758 2686 looum,
781 2619 817 2673 ut
835 2609 872 2673 iis
890 2632 957 2674 mos
977 2621 1119 2699 geratur,
1141 2607 1197 2696 qui
1217 2606 1334 2673 sedulo

138 2728 352 2818 colligendum
387 2727 526 2793 clamant
561 2724 716 2815 quidquid
751 2725 856 2794 adhue
889 2729 985 2794 lateat
1019 2730 1053 2795 in
1087 2728 1176 2793 libris
1209 2729 1333 2794 inenu-

138 2851 272 2940 seriptis.

51 2999 57 3011 ·
184 2970 340 3058 Descripsi
361 2970 448 3034 hune
471 2968 577 3033 loourn
601 2991 638 3033 ex
661 2966 774 3034 Codice
798 2968 1110 3035 Palatino-Vaticano
1132 2967 1187 3034 N⁰.
1216 2972 1332 3048 1746,

137 3091 222 3156 unde
256 3092 357 3155 Maius
391 3090 543 3179 protraxit
577 3070 822 3155 Grammaiioam
853 3091 958 3170 illam,
992 3113 1088 3180 quam
1119 3091 1263 3156 invenies
1297 3092 1334 3157 in

139 3211 282 3278 Classiois
313 3209 503 3276 Auctoribus
531 3223 608 3276 tom.
635 3210 706 3276 VII.
730 3234 801 3300 pag.
831 3215 1025 3292 475-5483
1052 3223 1117 3288 est,
1142 3223 1179 3275 ut
1201 3211 1257 3277 isti
1279 3211 1334 3278 di-

139 3356 211 3399 cere
242 3332 404 3411 solebent,
431 3331 489 3396 Ars
520 3333 593 3396 satis
622 3327 746 3421 eopiosa
770 3332 991 3398 ettenuifilo
1015 3344 1201 3397 contextae
1228 3333 1334 3400 Boni·

137 3454 239 3532 facio,
280 3453 336 3541 qui
371 3452 430 3517 fuit
467 3450 728 3541 Archiepisoopus
763 3452 945 3541 Mogontiae
982 3465 1014 3518 et
1048 3475 1131 3516 anno
1167 3456 1234 3518 755
1271 3478 1334 3543 pro

140 3574 265 3642 Christo
300 3586 420 3662 martyr
455 3573 542 3638 obiit.
598 3571 677 3637 Vide
712 3571 751 3638 de
785 3573 870 3637 illius
905 3572 998 3640 leude
1033 3573 1204 3651 litteraria,
1246 3598 1334 3664 quae

140 3695 346 3760 Willibaldus
381 3707 412 3759 et
444 3692 601 3760 Othionus
629 3693 662 3758 in
695 3693 767 3758 vita
800 3693 885 3759 beati
910 3695 969 3759 riri
992 3693 1077 3782 apud
1101 3693 1226 3760 Mabill.
1255 3694 1332 3764 Act.

140 3814 196 3882 SS.
229 3816 348 3885 Bened.
381 3815 416 3881 Τ.
450 3814 496 3880 Π
518 3815 689 3880 memoriae
712 3815 929 3894 tradiderunt,
953 3814 1047 3880 allata
1070 3815 1103 3880 in
1126 3814 1334 3884 Praefatione

139 3936 222 4027 opud
246 3937 366 4002 Maium
389 3958 460 4025 pag.
485 3935 559 4002 XII.

182 4057 284 4124 Codex
321 4058 405 4123 eirea
440 4056 599 4123 decimum
633 4057 795 4123 saeculum
829 4058 986 4146 scriptus,
1012 4068 1047 4121 ut
1071 4057 1155 4122 Maio
1178 4057 1332 4142 ridetur,

137 4178 268 4242 mutilus
298 4190 366 4257 est3
401 4176 488 4243 deest
510 4178 596 4242 enirn
620 4178 692 4242 finis
716 4178 847 4267 capitis,
872 4176 956 4266 quod
981 4176 1024 4240 de
1052 4177 1334 4267 Praepositione

136 4298 330 4364 inscribitur.
365 4296 427 4363 Sed
450 4297 542 4386 plura
566 4297 668 4363 adhuc
693 4298 794 4363 Maius
818 4297 892 4363 dare
915 4309 1084 4386 potuerat,
1109 4319 1184 4360 nem
1208 4299 1333 4365 substi·

137 4421 175 4486 tit
205 4420 260 4485 ille
291 4442 362 4508 pag.
394 4422 459 4483 548
486 4419 519 4482 in
550 4418 620 4483 loeo
651 4418 690 4485 de
719 4418 1054 4509 «praepositionibus,
1080 4440 1161 4507 quoe
1186 4421 1332 4509 acceptis

136 4542 247 4609 ceteris
277 4538 420 4630 pertibus
450 4539 597 4604 orationis
628 4553 919 4629 corrumpuntur,»
952 4564 989 4605 er
1014 4538 1123 4605 ordine
1146 4537 1253 4605 adhue
1277 4540 1331 4606 di-

136 4662 273 4730 cendum
304 4674 371 4728 erat
405 4659 443 4726 de
472 4659 773 4751 praepositionibus:
809 4684 895 4740 «er,
929 4660 987 4740 od,
1022 4661 1075 4741 in,
1108 4658 1183 4738 sub,
1217 4672 1329 4743 trans,
