2946 5182
381 385 541 434 eoaeasm
566 382 708 432 comem.
758 382 822 428 aus.
850 363 874 427 1.
902 364 918 444 §
945 363 1089 426 30-35.
1271 324 1330 420 Ι69

597 559 670 593 OBRefl

136 615 230 698 §32¹
258 610 298 675 oh
322 633 410 687 rem,
436 611 462 674 si
622 626 651 671 ει

257 730 467 795 adolescentes
618 724 860 796 abuaesceaaes

612 859 632 886 111

258 900 340 964 visus
622 920 690 965 alus

640 1033 653 1058 u

260 1086 314 1137 aut
339 1072 461 1137 etiamsi
622 1092 789 1139 aaealaesl

259 1193 416 1267 senaltum
622 1218 656 1283 p.
684 1196 762 1258 215.

260 1317 374 1381 scimus
623 1334 750 1380 scamus
841 1362 848 1390 ,
874 1335 959 1376 erasa
982 1311 1085 1377 littera
1111 1324 1182 1377 ante
1206 1335 1226 1373 a

674 1446 694 1474 es

261 1511 317 1551 nos
341 1510 406 1552 OSSO
624 1507 718 1553 Nosse

640 1661 755 1753 Caput
782 1665 849 1729 XX.

140 1819 160 1900 §
179 1821 236 1880 33.
264 1815 346 1878 istud
624 1835 717 1880 lesus

670 1942 683 1974 0
871 1963 876 1972 .
1077 1943 1090 1972 Α

183 1985 191 2000 ’
264 1990 348 2079 quod
412 1991 576 2079 postulas?
625 1988 1104 2078 qulbl’osruaasseasaaslsque
1180 1989 1211 2054 d.
1238 1991 1338 2079 prima

310 2113 371 2176 Eas
383 2125 482 2190 artes,
501 2135 581 2200 quae
674 2133 686 2177 1
709 2126 740 2178 et
764 2113 855 2177 tertia
881 2134 896 2176 s

648 2246 654 2270 1

265 2287 361 2351 simus
627 2309 728 2354 sumus
819 2289 849 2354 d.
876 2226 978 2378 pxiore
1003 2311 1023 2351 u

264 2409 387 2473 virtutis
408 2409 413 2498 Ι
434 2412 482 2475 vel
625 2433 658 2499 p.
686 2412 762 2473 216.

267 2588 368 2670 Quam
629 2603 694 2670 qam

660 2700 740 2744 masa
821 2716 831 2742 e

266 2762 388 2828 Deinde
405 2762 466 2825 alia
484 2784 580 2849 quae·
628 2755 896 2846 aeaesqueaseus
996 2758 1024 2822 d.
1051 2757 1110 2822 ult.
1136 2779 1154 2820 a

315 2907 419 2949 remus

667 2981 680 3010 a

269 3051 350 3116 quae
633 3050 694 3115 que

635 3201 753 3294 Caput
785 3203 870 3268 XXI.

137 3362 240 3448 534.
270 3353 380 3420 Philus
635 3354 749 3421 phssus
842 3354 873 3419 d.
899 3352 921 3417 h

612 3468 642 3514 Αδ
703 3482 717 3514 a

270 3530 550 3622 approbavissent
635 3549 743 3595 Pnoua
848 3528 879 3593 d.
907 3551 928 3592 u

274 3644 279 3731 Ι
306 3676 370 3717 non
633 3675 665 3741 p.
693 3654 770 3715 293.

271 3797 408 3863 aequum
632 3791 738 3839 Aecum

705 3899 720 3931 Α

272 3970 421 4037 persaepe
446 3960 476 4012 te
633 3966 833 4014 Peflsefeaae
926 3946 957 4011 d.
985 3967 1005 4010 a

276 4067 401 4133 Graecis
426 4068 475 4133 vel
635 4087 838 4133 ueaessaecls
887 4117 895 4144 ‚
918 4090 983 4132 non
1005 4080 1180 4132 cernuntur
1200 4069 1349 4157 vestigia,

680 4210 760 4276 quae
772 4185 914 4252 indicent
926 4212 996 4254 voc.
1013 4208 1073 4254 ueL
1087 4213 1152 4254 esse
1163 4189 1354 4256 delendum..

278 4360 425 4453 {paratior
449 4388 481 4429 es
638 4314 851 4448 psamoffes
938 4363 967 4426 d,
995 4383 1028 4443 a3
1055 4389 1086 4453 p.
1113 4368 1190 4430 294.

640 4525 754 4616 Caput
780 4529 881 4595 xxll.

152 4703 248 4790 §35.
276 4698 360 4761 aliud
638 4715 734 4761 auus
