2946 5182
481 381 546 430 ara.
574 363 920 446 11.§2‚3‚-t,t.
1254 361 1296 424 43

154 551 212 618 lt.
246 555 264 638 ς
297 556 330 617 t.
380 550 621 620 Adventitiae.
669 549 736 615 Hoc
760 549 830 614 loco
854 549 956 614 notari
980 562 1082 640 potest
1107 546 1225 615 Osanni
1249 549 1295 612 in·

103 673 305 750 constantia,
331 671 386 760 qui
406 671 444 736 ad
468 671 542 736 libri
565 670 626 738 III.
652 672 670 756 §
697 679 715 736 5
741 669 882 736 eiusdem
906 669 1052 736 vocabuli
1074 671 1209 736 formam
1222 691 1296 735 cum

104 802 123 856 t
158 791 299 859 defendit
333 805 462 883 propter
492 792 716 881 etymologiam
744 804 853 857 contra
883 791 1044 870 codicem,
1074 793 1130 881 qui
1161 803 1296 880 utroque

104 915 179 981 loco
208 927 240 981 et
272 913 346 979 libri
374 914 433 981 III.
462 917 479 1000 §
505 919 546 980 ta
571 917 808 978 conventicius
831 936 888 1004 per
911 938 929 978 c
952 912 1091 992 exbibet3
1120 914 1209 1002 atqui
1232 935 1296 978 non

105 1048 177 1101 erat
199 1058 257 1100 cur
280 1035 341 1101 hac
367 1037 384 1119 §
408 1035 580 1124 praeferret
603 1035 791 1122 scripturam
815 1034 847 1098 in
876 1037 979 1098 icius.

157 1275 239 1342 Ibid.
289 1277 367 1342 Iam
400 1280 461 1364 qui
485 1277 641 1340 incolunt
665 1299 725 1340 ecs
750 1276 872 1354 urbes,
897 1279 1196 1340 contumatia
1221 1277 1297 1337 suis

107 1397 271 1477 sedibus,
304 1397 369 1462 aed
397 1398 532 1460 volucri
561 1418 697 1486 seraper
728 1416 790 1486 spe
814 1391 848 1460 et
871 1400 1083 1486 cogitatione
1106 1399 1299 1486 rapiuntur

106 1543 133 1582 a
159 1517 254 1583 domo
279 1519 437 1608 longiue;
463 1526 569 1606 atque
596 1521 702 1581 etiam
726 1540 828 1606 qaum
849 1526 989 1582 manent
1001 1539 1162 1607 corpore,
1184 1520 1299 1580 citima

108 1650 228 1704 tomen
262 1646 455 1703 excurrunt
490 1647 524 1702 et
559 1647 747 1727 vagantur.
808 1636 944 1704 «Codex
979 1646 1191 1715 excurrant,
1228 1659 1300 1701 mox

105 1762 231 1827 factum
262 1761 480 1879 exceptant»
511 1759 555 1823 sic
579 1758 701 1837 Maius,
727 1760 782 1847 qui
804 1758 1055 1842 observationem
1079 1758 1238 1826 subnectit
1260 1757 1300 1824 de

106 1882 169 1955 iis,
196 1882 250 1969 qui
273 1903 294 1944 r
317 1880 492 1970 exprimere
514 1901 579 1945 non
590 1893 740 1969 possunt,
762 1892 794 1945 et
816 1882 895 1945 taut
920 1903 937 1944 s
949 1880 1175 1970 pronunciant3
1191 1900 1301 1944 rerum

107 2003 175 2068 hoc
205 2013 268 2080 est,
301 2013 333 2066 et
363 2012 493 2090 apparet
516 2000 682 2066 librarium
706 2014 848 2066 nostrtun
871 2000 933 2066 hoo
957 1993 1031 2066 titio
1055 1999 1231 2078 laborasse,
1256 1999 1301 2064 sic

106 2122 194 2196 libro
225 2122 251 2187 I.
287 2124 304 2207 §
334 2126 354 2186 9
381 2123 532 2186 iacetani
555 2114 695 2212 scripsit,
721 2134 752 2187 et
776 2122 856 2187 libro
881 2122 941 2187 ΙΙΙ.
969 2123 987 2206 §
1016 2124 1057 2187 16
1070 2121 1191 2210 fluges
1215 2118 1301 2209 quod

109 2254 271 2309 corrector
294 2243 327 2306 in
343 2241 474 2331 fruges
499 2253 583 2307 recte
608 2242 801 2322 emendatit3
829 2266 888 2309 nec
910 2255 1020 2308 tamen
1045 2255 1191 2307 constans
1214 2240 1302 2307 vide·

108 2379 166 2430 tur
196 2364 327 2442 titium,
360 2385 435 2428 nam
462 2363 543 2427 libro
568 2363 595 2427 I.
624 2365 641 2447 §
670 2366 712 2426 22
738 2362 793 2428 ubi
818 2365 973 2454 sphoera
997 2363 1120 2451 saepius
1143 2363 1300 2441 occurrit,

109 2485 209 2552 semel
232 2496 357 2550 tantum
382 2485 506 2574 opheta
526 2485 662 2572 scripsit.
713 2484 855 2550 Eandem
874 2484 1004 2550 fortasse
1024 2484 1064 2549 ob
1086 2506 1212 2549 causam
1229 2507 1303 2572 pas-

110 2605 173 2670 sim
202 2605 235 2668 in
266 2603 327 2669 hac
358 2605 462 2670 littera
490 2604 596 2694 lapsus
626 2615 692 2668 est:
726 2603 754 2670 1.
781 2611 797 2690 §
824 2610 863 2669 31
891 2606 1140 2684 obtectctores,
1165 2605 1207 2669 ΙΙ.
1236 2607 1253 2688 §
1282 2609 1301 2669 4

101 2725 230 2814 frate,
256 2725 281 2790 Ι.
307 2725 324 2808 §
351 2728 371 2790 3
392 2728 468 2788 ruit
492 2723 578 2813 quod
602 2735 781 2789 correctum
793 2725 825 2789 in
842 2723 944 2811 fitit;
966 2737 1105 2789 attamen
1125 2724 1303 2790 litterarum

111 2845 313 2912 similitudini
336 2843 502 2910 tribuerim
527 2844 571 2909 II.
600 2846 617 2928 ᾗ
644 2848 687 2910 24
710 2856 741 2910 et
765 2847 804 2910 31
829 2845 1048 2932 pertubatio,
1074 2856 1209 2935 utroque
1231 2846 1302 2912 loco
1400 2907 1403 2914 .

111 2946 292 3033 correctum
323 2965 428 3032 addita
456 2989 494 3045 r,
527 2988 652 3031 necnon
684 2966 711 3032 Ι.
741 2969 758 3052 §
786 2971 828 3032 69
853 2966 1007 3045 tetrum,
1032 2965 1088 3031 ubi
1108 2967 1129 3030 'b
1152 2991 1225 3034 mox
1248 2993 1304 3035 cr·

110 3100 233 3180 puncta
264 3101 321 3155 est.
370 3088 472 3178 igitur
501 3100 659 3153 corrector
690 3087 799 3153 sedulo
831 3102 950 3155 rectam
982 3091 1120 3155 restituit
1144 3091 1302 3170 litteram,

112 3221 146 3276 et
169 3209 268 3276 hocce
291 3222 416 3274 tantum
440 3208 509 3274 loco
534 3221 644 3274 contra
667 3208 819 3298 loquendi
844 3232 936 3274 usum
957 3213 1047 3300 tpro
1067 3234 1087 3274 r
1108 3211 1305 3280 emendasset

114 3331 262 3397 scilicet?
299 3330 361 3397 Sed
386 3354 451 3397 non
478 3332 522 3396 ita
545 3344 612 3410 est,
636 3332 743 3397 iocum
768 3333 944 3397 accuratius
964 3333 1101 3399 intuenti
1120 3334 1210 3399 licuit
1226 3334 1306 3399 mihi

112 3472 222 3518 veram
254 3453 350 3519 Tullii
372 3473 504 3519 manum
528 3453 683 3533 invenire;
710 3453 834 3542 fugerat
859 3450 979 3518 Maium
1003 3452 1170 3520 emendata
1190 3454 1304 3534 lectio,

113 3574 227 3664 spretis
249 3576 375 3664 punctis
398 3573 519 3652 tribus,
544 3574 577 3637 in
603 3593 739 3662 quorum
763 3572 875 3638 ultimo
890 3573 1058 3664 Augustini
1079 3576 1305 3640 tabernacula

113 3694 218 3785 posita
257 3707 344 3775 suut3
386 3695 475 3760 verbi
514 3702 709 3759 excurrant
737 3707 894 3783 expuncta
924 3706 971 3760 est
1002 3718 1020 3759 o
1052 3706 1084 3760 et
1117 3707 1251 3784 utraque
1286 3720 1307 3761 r

115 3814 233 3906 quibus
262 3817 278 3879 l
300 3814 518 3906 superaddita,
542 3827 577 3880 ut
596 3815 687 3881 fieret
708 3817 873 3894 exulant,
899 3814 984 3904 quod
1012 3816 1082 3881 loco
1111 3817 1306 3905 aptissimum

115 3959 206 4028 spero
230 3937 297 4002 fore
322 3948 358 4002 ut
380 3936 480 4002 textui
503 3936 637 4002 reddant
660 3937 760 4002 futuri
784 3936 930 4002 editores.
980 3936 1127 4025 Denique
1145 3960 1185 4003 ne
1205 3939 1305 4005 offen·
1339 4008 1341 4012 ,

114 4057 171 4122 dat
188 4057 349 4146 ‘scriptura
372 4056 439 4121 sine
460 4080 478 4120 s
500 4069 630 4147 propter
653 4059 818 4122 exsilium
842 4057 869 4122 Ι.
898 4060 915 4141 §
943 4061 963 4123 6
984 4071 1015 4124 et
1036 4059 1224 4144 exsul11.§
1242 4063 1304 4138 46,

113 4181 203 4245 iuvat
226 4177 346 4242 librarii
365 4178 610 4243 inconstantiam
622 4190 751 4256 notare,
774 4178 946 4245 numidam
963 4178 1017 4245 ille
1030 4180 1055 4244 Ι.
1079 4181 1097 4264 §
1120 4183 1163 4245 62
1184 4181 1306 4272 scripsit

115 4300 263 4364 exilium
287 4309 319 4364 et
343 4301 517 4365 exultare.

163 4541 219 4607 vl.
252 4544 269 4628 §
304 4543 355 4606 ll.
403 4541 528 4608 Locum
557 4541 687 4633 delegit
710 4542 907 4629 (condendae
931 4543 1064 4630 Romae)
1092 4553 1125 4607 et
1140 4544 1305 4631 fontibus

116 4663 349 4730 obtrectantem
382 4674 416 4729 et
447 4669 485 4729 in
516 4671 656 4762 regione
677 4669 867 4755 pestilenti
890 4666 1073 4731 salubrem.
1123 4666 1203 4732 «Ex
1227 4692 1303 4734 con-
