2946 5182
163 334 204 394 42
538 347 657 396 crcuuo
682 348 724 395 ou
749 351 792 396 ur
817 349 969 397 roraret.

159 521 255 585 rubro
286 518 391 585 colore
421 531 559 584 exaratas
590 520 753 587 Bobieusis
781 519 954 586 monachus
980 521 1024 585 ita
1056 517 1176 599 abluit,
1206 535 1243 588 ut
1263 546 1353 613 aqua

159 664 271 708 sucum
304 641 399 706 istum
434 652 537 706 totum
572 640 748 709 abstulerit.
797 640 897 730 Atqui
920 641 1133 709 revocandum
1156 645 1216 709 orit
1240 644 1353 711 adbuc

159 764 293 828 auctoris
317 785 450 840 nomeu,
478 774 509 828 ct
533 762 643 829 titulus
667 764 711 830 sic
734 745 956 852 resurgendus:

578 1023 629 1070 .M.
659 1023 773 1070 mm
796 1023 923 1070 clean.

603 1144 647 1191 ott
671 1144 725 1191 tttr.
752 1143 894 1191 Pvttttct

640 1266 708 1313 lttc.
735 1265 802 1312 tto.
828 1265 855 1313 11

600 1386 889 1435 FELICITER.

198 1611 272 1702 Gap.
307 1611 334 1676 Ι.
369 1611 387 1695 §
417 1614 448 1674 2.
502 1609 603 1700 Quod
631 1611 771 1674 inillis
804 1611 939 1699 singuli
958 1609 1120 1696 fuissent
1143 1609 1248 1696 fere,
1281 1619 1350 1701 qui

153 1756 250 1798 suam
283 1736 428 1820 quisque
456 1731 724 1822 rempublicam
747 1735 1026 1796 constituissent.
1075 1754 1097 1794 «
1107 1728 1213 1798 Codex
1238 1733 1348 1822 prima

150 1876 249 1919 manu
267 1857 329 1942 qui
359 1865 390 1918 at
422 1851 559 1919 secunda
582 1874 737 1940 qnorum.
750 1875 771 1915 »
814 1851 929 1932 Maius3
955 1853 1021 1917 imo
1045 1851 1131 1954 quod
1152 1854 1257 1943 primo
1280 1854 1348 1922 fuit

151 1991 209 2061 qu1
232 1982 409 2037 correctum
430 1982 477 2035 cst
497 1970 530 2033 in
555 1946 662 2058 quirit,
688 1968 743 2035 sed
766 1983 874 2059 postea
897 1971 941 2037 ita
963 1995 1108 2052 erasum,
1127 1984 1163 2038 ut
1180 1972 1347 2061 legeretur

150 2111 226 2181 qu1,
260 2090 344 2181 quod
376 2091 437 2156 nisi
466 2089 590 2156 duobus
621 2091 849 2157 correctoribus
873 2092 1013 2171 tribuas,
1038 2115 1056 2157 a
1080 2070 1217 2159 secontia
1240 2116 1346 2162 manu

148 2212 352 2279 emendatum
375 2211 481 2290 dicas,
506 2210 639 2277 simulac
660 2210 780 2277 viderat
803 2211 857 2279 illc
880 2213 987 2280 locum
1011 2215 1044 2279 in
1068 2213 1157 2303 peius
1177 2237 1244 2281 esse
1265 2238 1344 2282 mu·

148 2345 261 2398 tatum.

194 2580 226 2662 §.
260 2582 292 2642 3.
346 2575 456 2666 (luam
489 2576 527 2640 ob
558 2598 650 2655 rem,
683 2585 722 2641 ul
757 2574 863 2665 (Cato)
896 2579 958 2642 ille
985 2577 1137 2654 solebat,
1170 2579 1224 2640 ila
1247 2601 1344 2645 nune

146 2721 222 2762 mea
257 2705 392 2788 repelet
427 2700 542 2761 oratio
570 2699 699 2788 populi
730 2701 923 2789 originem·
959 2735 1005 2746 —
1029 2697 1187 2784 facilius
1219 2707 1342 2767 aulem

146 2818 240 2907 qaod
268 2827 322 2882 est
343 2821 567 2908 propositum
590 2841 802 2905 consequar,
828 2822 863 2882 si
885 2827 1042 2882 nostram
1066 2819 1342 2906 rempublicam

145 2940 240 3003 uobis
265 2948 299 3003 et
324 2947 521 3003 nascentem
546 2945 579 3000 et
603 2947 811 3002 crescentem
835 2938 1037 3017 ostendero,
1062 2920 1225 3026 quamsi
1248 2941 1342 3004 milei

146 3061 302 3147 aliquam
338 3063 416 3149 epse
439 3059 596 3146 finacro.
646 3057 719 3124 Non
752 3082 880 3149 possum
916 3060 994 3147 quin
1018 3059 1188 3124 rescribam
1205 3062 1341 3150 populi

145 3178 297 3244 Ilomani
327 3183 515 3269 originem,
551 3178 635 3268 quod
667 3181 822 3246 sententia
847 3180 1007 3269 requirere
1030 3180 1110 3245 mihi
1133 3180 1278 3260 ridetur,
1303 3195 1339 3250 et

145 3300 250 3365 innuit
266 3299 499 3388 quodammodo
513 3300 684 3365 Vaticanus
704 3299 804 3379 liber,
826 3301 882 3388 qui
893 3299 989 3366 habet
995 3303 1336 3391 populiririginem,

145 3420 198 3487 sed
230 3421 373 3487 restituta
400 3444 473 3487 vcra
497 3420 633 3486 lectione
657 3424 846 3510 originem,
871 3444 958 3487 eraso
983 3434 1029 3487 est
1051 3423 1138 3511 prior
1160 3421 1266 3488 littera
1291 3445 1334 3503 r,

144 3564 240 3631 quam
275 3543 411 3608 retinere
447 3540 629 3621 maluerim3
667 3541 799 3606 terbum
832 3540 1010 3608 Romanus
1032 3565 1090 3631 per
1111 3541 1289 3632 simplicem
1313 3568 1337 3608 r

144 3663 332 3753 significarit
354 3662 439 3730 idem
463 3673 570 3728 noster
592 3661 738 3727 librarius
764 3664 781 3748 §
806 3665 849 3728 30
873 3674 905 3728 ct
928 3662 985 3728 lib.
1011 3660 1056 3728 ΙΙ.
1082 3664 1100 3748 §
1127 3666 1182 3729 36.

187 3905 231 3971 ΙΙ.
258 3907 276 3991 §
302 3909 333 3971 4.
381 3904 527 3983 Dicitur
561 3905 604 3969 ab
627 3903 767 3971 Amulio
791 3926 872 3994 rege
894 3903 1030 3971 Albano
1055 3907 1182 3994 exponi
1208 3908 1332 3974 iussus

142 4048 229 4093 erre.
279 4023 332 4091 Sic
360 4024 499 4091 secunda
529 4048 661 4105 manus,
692 4048 752 4092 nec
784 4025 870 4091 aliud
900 4027 1003 4116 prima
1032 4015 1175 4105 dederat3
1207 4025 1332 4095 fallitur

141 4149 226 4213 enim
250 4146 352 4212 Maius
375 4145 483 4214 dicens
501 4150 622 4238 primae
641 4172 754 4215 manus
773 4173 839 4215 csse
858 4148 1001 4226 Amalo,
1022 4169 1104 4236 quae
1125 4171 1226 4237 quum
1244 4152 1332 4220 male

140 4268 336 4337 disseruisset
365 4268 539 4362 Amullio,
571 4272 616 4336 sio
643 4283 784 4337 correcta
807 4282 876 4348 est,
901 4281 937 4334 ut
960 4290 1047 4333 erasa
1071 4270 1086 4332 l
1107 4293 1144 4335 ex
1168 4272 1183 4333 i
1206 4270 1291 4337 facta
1316 4275 1334 4338 l

139 4403 171 4457 ct
194 4388 394 4480 superaddita
417 4390 512 4456 fuerit
540 4395 564 4457 i.
613 4391 714 4457 Multa
737 4391 832 4457 huius
856 4389 978 4480 generis
1002 4391 1145 4480 exempla
1167 4391 1200 4457 in
1224 4395 1329 4463 varie-

139 4523 203 4579 tate
226 4512 369 4578 lectionis
392 4513 532 4581 invenies
554 4524 681 4592 notata,
708 4526 743 4579 ut
767 4514 803 4579 iis
827 4535 947 4579 morem
971 4535 1097 4601 geram,
1124 4513 1179 4605 qui
1199 4515 1328 4583 minora

102 4711 113 4732 .
138 4633 196 4698 ista
220 4657 283 4700 non
308 4634 482 4726 spernenda
506 4659 572 4701 esse
596 4647 755 4701 censeant.
