2926 5182
146 359 189 422 ts
520 373 639 423 crosno
664 374 707 422 nr
731 374 774 421 nr
797 376 951 424 rueme-r.

144 545 228 609 buni
251 545 305 631 pl.
337 548 552 634 magistratu
585 566 622 608 sc
653 543 876 625 abdicarent,
901 553 1007 635 atque
1029 554 1069 611 ut
1091 549 1204 612 r-virt
1231 569 1335 613 crea·

144 673 279 731 rentur.
327 664 380 732 Sic
411 665 512 732 Maius
542 663 660 743 edidit,
693 687 803 730 rerum
834 664 931 731 codex
954 665 1070 734 habet:
1101 687 1218 757 arqur,
1243 667 1334 758 quod

143 785 198 852 ille
222 786 343 874 accepit
366 808 443 875 pro:
470 803 601 874 rrqmr.

188 1026 335 1092 XXXIX.
372 1029 390 1111 §
426 1028 480 1092 66.
543 1025 644 1113 Quod
677 1029 831 1114 exempto
867 1036 1011 1094 nostrae
1046 1032 1207 1094 ciuitatis
1241 1051 1333 1095 usus

142 1171 238 1226 sum,
264 1171 331 1213 non
356 1147 406 1211 ud
428 1147 660 1234 definiendum
689 1151 855 1235 optimum
880 1157 1012 1214 statum
1036 1152 1152 1214 uoluit
1166 1200 1175 1230 ,
1202 1149 1268 1215 sed
1288 1158 1333 1215 ut

140 1273 286 1334 ciuitate
313 1270 468 1332 munima
496 1289 624 1354 reapse
652 1276 876 1348 cerneretur,
907 1271 1012 1358 quate
1035 1280 1127 1335 esset
1152 1267 1206 1350 id,
1236 1266 1338 1359 qnod

139 1393 236 1454 ratio
260 1391 442 1475 oratioque
463 1383 688 1454 describeret.
737 1388 928 1480 Praepositio
959 1415 983 1455 α
1007 1390 1182 1457 secundum
1204 1391 1331 1458 Maium

138 1532 207 1576 voc.
243 1510 388 1594 ciuitate
412 1506 631 1597 superaddita,
657 1531 721 1574 nou
748 1523 874 1601 recepta
897 1524 944 1577 est
970 1511 1010 1577 ab
1030 1511 1223 1591 editoribus,
1248 1534 1330 1601 quos

137 1629 228 1708 ride,
253 1627 424 1694 dummodo
437 1650 515 1720 opus
528 1641 574 1695 est
586 1629 711 1709 adhuc,
731 1653 806 1695 nam
818 1629 871 1697 hic
884 1654 1012 1722 quoque
1024 1633 1209 1700 correctoris
1221 1645 1330 1722 partes

137 1750 308 1840 suscipiens
331 1750 570 1840 praepositionis
593 1751 697 1816 nolam
720 1774 780 1818 uec
803 1752 970 1842 uestigium
982 1776 1143 1844 superesse
1155 1753 1327 1844 perhibeo.

182 1993 248 2059 XL.
273 1994 291 2077 §
319 1995 372 2057 67.
422 1988 496 2057 Sed
517 1999 632 2055 tamen
657 2000 711 2056 est
734 1994 798 2057 ille
817 1992 999 2080 prudens,
1024 1999 1088 2083 qui
1117 1999 1263 2060 immani
1293 2006 1330 2061 et

135 2124 259 2181 uastae
281 2110 442 2177 insidere
462 2111 601 2191 beluae,
627 2121 762 2178 coircet
781 2122 815 2177 et
836 2117 930 2204 regit
948 2114 1104 2195 beluam
1124 2119 1329 2205 quocunque

135 2238 211 2302 uult
246 2236 315 2299 leui
338 2233 518 2298 admonitu
544 2255 611 2296 non
634 2240 737 2312 actu,
762 2234 913 2324 inflectit
931 2237 1031 2301 illum
1044 2235 1176 2325 feram.
1213 2235 1328 2304 Offen-

134 2357 181 2422 dit
211 2354 381 2446 repetitum
412 2351 603 2419 uocabulum
636 2353 791 2432 beluam,
815 2354 979 2444 probabile
1002 2369 1048 2422 est
1071 2355 1243 2423 admodum
1265 2356 1327 2426 de-

134 2477 221 2544 lendi
251 2475 368 2542 indicia
401 2473 599 2564 adscripsisse
622 2486 853 2556 correctorem,
878 2476 932 2543 sed
955 2477 1110 2543 leviorum
1133 2477 1327 2545 lineolarum

135 2599 260 2665 nullum
283 2608 386 2687 potest
407 2595 495 2662 cerni
517 2594 683 2685 vestigium
705 2596 738 2661 iu
758 2597 874 2686 pagiua
893 2597 979 2664 lectu
999 2598 1199 2680 difficillima3
1223 2598 1326 2668 altera

135 2721 283 2787 columna
311 2715 482 2784 admodum
505 2715 637 2782 evanida
661 2728 726 2796 est,
751 2716 852 2783 latent
871 2718 1003 2786 fortasse
1026 2720 1159 2787 meliora
1181 2719 1256 2788 inde
1281 2721 1325 2788 ab

135 2866 178 2908 en
198 2845 291 2907 omni
314 2847 440 2905 senatu
463 2860 563 2926 usque
587 2836 627 2902 ad
650 2836 829 2903 admonitu
850 2862 918 2904 non
941 2865 994 2907 cc.

180 3082 283 3150 XLII.
317 3082 335 3164 §
364 3081 419 3145 69.
466 3076 514 3142 In
544 3077 606 3143 boc
622 3079 707 3166 jere
729 3102 797 3144 uno
820 3090 904 3145 sunt
925 3090 1059 3161 cetera,
1084 3091 1125 3146 ut
1146 3105 1324 3172 nurcquam

134 3231 157 3271 c
189 3228 226 3269 se
254 3207 332 3293 ipso
364 3197 580 3263 instituendo
609 3201 936 3291 contemplandoque
960 3201 1131 3267 discedat.
1180 3200 1325 3270 «Codex

134 3323 344 3393 discendunt
379 3321 445 3387 sine
477 3319 563 3399 ulla,
595 3332 631 3386 ut
660 3319 805 3400 ridetur,
830 3322 1088 3389 emendatione.»
1128 3322 1241 3404 Maius3
1268 3323 1324 3392 hic

134 3469 261 3540 quoquc
291 3444 393 3510 editor
423 3440 579 3508 secundae
609 3464 723 3507 manus
755 3442 849 3509 laude
878 3467 910 3509 se
941 3445 1007 3534 ipse
1037 3467 1150 3511 ornare
1179 3444 1321 3527 studuit,

133 3594 208 3638 nam
242 3577 402 3634 corrector
436 3561 556 3652 duplici
589 3562 665 3627 vitio
699 3561 889 3629 liberaverat
917 3564 979 3631 hoe
1009 3564 1166 3646 uerbum,
1203 3566 1323 3635 lineola
1394 3612 1407 3637 ι

132 3688 267 3758 delendo
297 3687 433 3778 priorem
465 3707 489 3747 n
519 3695 551 3750 et
580 3696 700 3774 puncto
730 3687 995 3774 monogrammati
1025 3696 1065 3752 nt
1087 3687 1131 3752 ita
1153 3685 1322 3769 addendo,

133 3825 169 3879 ut
191 3810 317 3878 nonnisi
340 3831 364 3872 n
386 3816 593 3895 expungatur.

178 4054 260 4120 Ibid.
314 4049 362 4117 tlt
391 4052 542 4114 enimin
558 4047 697 4136 fidibus
721 4058 785 4112 uut
809 4051 928 4130 tibiis,
954 4058 1059 4139 atquc
1085 4060 1124 4116 ut
1153 4054 1322 4118 incentu

134 4181 211 4267 ipso
235 4198 278 4239 ac
297 4171 434 4237 vocibus
457 4178 639 4234 concentus
664 4169 873 4260 estquidam
895 4171 1074 4236 tenendus.
1102 4170 1319 4260 Augustinus,

134 4297 190 4386 qui
221 4291 357 4359 eundem
388 4290 475 4356 huuc
506 4289 613 4355 locum
646 4291 796 4371 servarit,
829 4291 934 4356 omisit
965 4291 1100 4357 alterum
1124 4300 1178 4370 ut;
1203 4292 1322 4382 legitur

134 4415 264 4506 quidem
283 4414 316 4479 in
336 4413 557 4504 palimpsesto,
582 4411 635 4478 sed
652 4412 745 4478 facile
759 4412 915 4492 adducor,
941 4425 977 4478 ut
994 4413 1138 4478 omittam
1157 4413 1237 4480 duas
1250 4415 1320 4481 illas
1374 4454 1376 4465 ·

134 4538 272 4614 litteras,
293 4558 368 4600 nam
389 4534 557 4600 atramenti
578 4533 713 4623 vestigiis
735 4534 769 4598 iu
788 4533 976 4624 hacpagina
988 4558 1088 4624 quum
1100 4534 1261 4601 iamidem
1274 4549 1321 4603 est

133 4659 220 4726 color
244 4681 280 4724 ac
300 4656 522 4735 membranae,
541 4652 668 4723 delendi
687 4655 805 4724 indicia
824 4654 988 4722 subtiliora
1001 4659 1087 4724 cerni
1100 4680 1163 4723 non
1176 4672 1316 4748 possunt.
