2946 5182
138 355 157 416 6
514 370 632 418 cronno
656 370 699 419 nr
722 357 765 415 tar
790 366 942 417 roanos.

185 540 307 605 Transit
328 541 428 606 Maius
451 565 524 630 pag.
540 560 620 606 xtrr
644 540 682 604 ad
703 538 873 631 Augustini
896 560 994 626 opus,
1024 536 1064 603 de
1087 560 1150 627 quo
1174 548 1247 605 rer‘e
1275 560 1324 605 re·

138 661 245 726 tulisse
264 659 343 726 mihi
363 660 504 740 ridetur,
526 663 585 727 nisi
604 660 688 750 quod
711 661 888 726 accuratius
912 657 1016 724 adhuc
1035 658 1215 726 delinienda
1227 660 1325 726 fuerit

138 782 312 871 scriptura,
336 781 376 848 de
400 805 462 871 qua
485 805 549 848 non
573 782 627 847 abs
651 805 684 848 re
707 784 767 849 erit
789 804 894 847 meam
916 780 1172 871 qualemcunque
1193 793 1325 848 senten-

137 902 214 967 tiam
237 901 397 992 proferre,
422 904 448 967 si
467 901 596 991 quidem
618 901 765 969 nonnihil
788 903 883 968 faciat
907 901 946 966 ad
962 900 1125 967 historiam
1137 901 1325 968 litterariam

138 1034 170 1089 et
193 1022 231 1087 ad
252 1035 437 1114 argumenta
459 1023 635 1112 pertineat,
661 1022 777 1112 quibus
800 1022 854 1087 alii
877 1022 1020 1112 rescripti
1046 1020 1169 1089 codices
1193 1046 1225 1090 se
1247 1046 1325 1114 pro·

138 1143 225 1210 dant.
264 1145 310 1210 Eo
329 1144 490 1210 lubentius
507 1143 594 1210 hunc
612 1134 719 1211 locum
737 1146 874 1234 attingo,
900 1142 984 1233 quod
1004 1143 1106 1210 Maius
1125 1144 1158 1208 in
1176 1144 1327 1233 politicae

138 1267 310 1355 scripturae
352 1266 523 1353 specimine
564 1264 732 1356 Augustini
767 1288 895 1356 quoque
927 1265 1099 1331 frustulum
1133 1266 1323 1345 excusserit,

139 1409 222 1475 quo,
245 1387 369 1474 inquit,
400 1401 592 1477 cognoscant
621 1386 737 1453 eruditi
763 1399 836 1453 ante
867 1386 1029 1453 saeculum
1051 1386 1211 1453 decimum
1229 1386 1323 1454 Corn-

137 1507 328 1573 mentarinm
351 1507 430 1572 illud
452 1530 518 1574 esse
541 1520 714 1574 exaratum.
751 1508 820 1574 lmo
843 1507 968 1574 saeculo
988 1528 1073 1572 nono
1091 1507 1239 1588 ineunte,
1263 1508 1323 1577 uisi

139 1628 289 1694 vetustior
318 1629 397 1708 fuit,
418 1652 492 1694 narn
515 1631 652 1720 pertinet
675 1628 713 1694 ad
736 1641 880 1718 tempus,
914 1650 978 1718 quo
997 1629 1147 1694 transitus
1165 1629 1262 1696 fiebat
1284 1652 1322 1696 ex

139 1749 293 1839 scriptura
315 1749 535 1828 semiunciali‚
557 1772 653 1838 quam
676 1761 810 1829 uocant,
843 1748 933 1816 ride:
960 1769 997 1823 u,
1022 1768 1064 1829 tt,
1090 1770 1129 1826 a,
1154 1749 1234 1816 uad
1261 1751 1323 1816 rni-

138 1869 343 1935 nuscularum
364 1871 520 1950 fo'rmam,
546 1893 609 1960 qua
632 1882 717 1936 sunt:
744 1893 783 1950 a,
804 1893 841 1950 e,
867 1875 906 1949 ὸ,
931 1869 973 1949 h,
998 1893 1040 1960 p,
1066 1892 1107 1959 q,
1131 1869 1208 1936 dum
1221 1869 1323 1937 medi-

139 2014 195 2056 um
221 1993 304 2058 inter
328 2002 499 2079 utrumque
522 2013 621 2081 genus
650 1991 757 2056 locum
780 1990 839 2056 sibi
862 1991 1025 2080 postulant
1046 2015 1090 2081 g,
1107 1991 1152 2079 f,
1178 1993 1210 2071 l,
1241 2013 1324 2081 quae

139 2111 264 2178 saeculo
294 2135 379 2176 nono
403 2123 551 2202 vergente
575 2134 638 2201 qua
659 2113 761 2177 forma
784 2111 918 2201 scriptae
944 2112 1083 2191 fuerint,
1116 2113 1188 2177 satis
1211 2124 1323 2178 notum

139 2245 196 2299 est.
235 2231 380 2322 Denique
404 2227 597 2323 Augustinus
616 2232 730 2299 Codice
753 2233 908 2298 Vaticano
928 2233 982 2298 N⁰.
1004 2237 1091 2298 3836
1105 2232 1200 2322 paulo
1212 2256 1323 2300 recen·
1392 2296 1395 2304 .

139 2356 201 2420 tior
223 2376 288 2419 esse
312 2352 451 2432 ridetur,
483 2355 573 2419 cuius
597 2353 779 2444 Scripturae
803 2353 918 2421 Sacrae
949 2353 1019 2420 ride
1051 2355 1211 2444 specimen
1238 2354 1323 2446 apud

140 2475 320 2543 Silvestrem
340 2475 405 2540 tab.
421 2479 507 2554 235,
534 2476 588 2565 qui
608 2487 719 2541 octavo
734 2476 861 2542 saeculo
879 2487 963 2542 recte
979 2475 1070 2541 illum
1089 2475 1219 2556 tribuit;
1246 2498 1323 2542 con·

140 2599 258 2688 spirant
285 2609 391 2662 autem
422 2597 541 2662 multae
571 2596 694 2663 litterae
717 2598 751 2663 in
779 2597 866 2681 bunc
890 2596 1020 2663 modum
1045 2621 1118 2662 cum
1150 2597 1322 2686 scriptura,

139 2743 220 2809 quae
236 2719 405 2808 septimum
420 2731 605 2786 octavumre
618 2718 677 2783 sibi
691 2717 850 2797 vindicat,
868 2730 976 2784 contra
989 2742 1109 2784 nonum
1125 2718 1323 2787 decimamve

138 2840 240 2906 multo
262 2838 368 2928 plures
389 2837 486 2904 babet
517 2838 710 2903 minusculas
734 2837 874 2927 aliasque
897 2838 997 2904 forma
1025 2841 1069 2904 ita
1099 2839 1255 2920 diversas,
1288 2852 1324 2906 ut

140 2961 353 3049 Augustinum
376 2959 437 3024 nisi
470 2957 610 3047 posueris
640 2959 673 3022 in
711 2957 893 3024 Tulliantun
914 2958 1022 3024 locum
1045 2960 1109 3024 iam
1133 2959 1324 3027 subintrasse

139 3080 264 3147 saeculo
294 3090 424 3157 octavo,
457 3077 646 3145 Bobiensem
676 3078 736 3143 tibi
766 3101 870 3144 sumas
900 3078 1094 3144 monachum
1124 3101 1251 3145 necesse
1274 3092 1322 3147 est

138 3200 263 3267 saeculo
294 3222 378 3265 nono
401 3200 532 3266 ineunte
555 3211 657 3266 aetate
679 3201 907 3289 provectiorem
929 3222 1027 3288 quarn
1050 3201 1146 3266 ceteri
1168 3200 1220 3265 isti
1244 3222 1325 3290 qnos

138 3336 215 3390 tunc
240 3333 295 3386 aut
316 3320 424 3410 paullo
452 3333 521 3410 post
544 3319 672 3387 Codices
696 3343 768 3386 suos
791 3321 983 3410 rescripsisse
1005 3320 1098 3387 facile
1122 3319 1322 3388 crediderim.

137 3443 324 3510 Conferatur
342 3453 449 3507 autem
471 3440 589 3507 saeculi
606 3443 707 3509 octavi
727 3442 895 3533 Gregorius
916 3442 1063 3509 'lorensis
1082 3441 1179 3507 Paris.
1194 3442 1229 3507 in
1240 3442 1322 3511 bibl.

139 3565 181 3632 Ν.
202 3564 242 3631 l).
265 3566 328 3631 132
347 3562 414 3641 bis,
436 3560 584 3629 Silvestre
609 3562 673 3628 tab,
697 3566 759 3642 41,
782 3562 889 3629 Livius
913 3564 1010 3629 Paris.
1037 3563 1096 3630 ΝΟ.
1111 3567 1218 3642 5730,
1234 3540 1321 3631 'Sila

139 3684 205 3751 tab.
220 3688 283 3763 89,
316 3683 350 3752 S.
372 3683 516 3773 Prosperi
540 3683 776 3773 Epigrammata
796 3684 894 3750 Paris.
920 3682 1033 3774 Suppl.
1062 3684 1133 3750 Lat.
1156 3683 1212 3750 N⁰.
1232 3688 1321 3765 669,

139 3806 217 3874 Silr.
241 3803 307 3870 tab.
323 3807 362 3870 51
379 3829 387 3884 ;
413 3826 473 3870 nec
492 3826 618 3893 possum
638 3805 715 3894 quin
732 3827 881 3894 magnam
900 3803 1062 3870 observem
1081 3803 1321 3870 similitudinem

139 3927 172 3991 in
197 3924 386 4014 quibusdam
416 3924 528 3990 litteris
559 3947 633 3991 curn
657 3926 812 4016 scriptura
842 3925 1020 4014 antiquiore
1045 3923 1215 4013 Augustini
1247 3924 1322 3991 libri

138 4047 307 4137 papyracei
338 4044 527 4112 Generensis
557 4044 634 4113 silv.
659 4046 725 4113 tab.
749 4050 814 4114 270
837 4060 869 4114 et
892 4058 1000 4112 nostro
1023 4043 1144 4110 codice.
1201 4045 1322 4113 Verum

138 4190 205 4234 rem
231 4165 406 4232 diiudicent
435 4166 597 4254 peritiores
627 4167 889 4258 palaeographiae
923 4164 1072 4242 studiosi,
1110 4186 1189 4254 quos
1224 4166 1322 4232 semel

138 4302 233 4378 atque
253 4287 368 4354 iteriun
391 4287 477 4352 iurat
500 4287 647 4378 ablegare
670 4288 710 4354 ad
727 4289 848 4378 insigne
867 4285 947 4352 illud
967 4309 1065 4376 opus,
1091 4287 1180 4352 cuius
1192 4284 1323 4375 elegan-

136 4410 273 4475 tissimus
297 4409 400 4498 regins
422 4408 476 4474 ille
496 4409 654 4475 scribendi
676 4409 825 4498 magister
847 4406 936 4472 nobis
957 4419 1068 4473 auctor
1090 4407 1230 4486 exstitit,
1256 4405 1325 4474 Sil·

138 4543 269 4597 restrem
293 4529 383 4610 dico,
409 4533 464 4620 qui
498 4554 516 4595 a
551 4531 651 4597 doctis
681 4530 801 4597 ciuibus
831 4529 894 4595 suis
922 4528 1070 4608 adiutus,
1104 4519 1214 4619 viginti
1245 4532 1322 4597 anni

137 4664 209 4719 sunt
229 4653 371 4734 circiter,
397 4652 436 4719 de
456 4652 610 4720 industria
626 4654 659 4718 in
681 4652 826 4720 Universi
847 4649 940 4719 Orbis
961 4664 1116 4719 terrarum
1133 4651 1321 4740 Palaeogra·
