2946 5182
152 345 215 411 166
621 361 729 409 muns
752 361 859 408 11111.

151 532 331 610 subscribo,
361 532 475 621 quibus
502 531 663 597 saeculum
687 532 890 598 undecimum
914 531 967 596 hic
987 531 1068 597 liber
1085 531 1152 597 'sibi
1173 528 1337 596 vindicare

149 653 283 719 ridetur.
333 652 429 719 Tituli
457 653 610 718 librorum
641 676 766 719 necnon
788 651 922 742 [rubrica
946 666 1040 741 atque
1063 649 1338 742 paragraphornm

149 774 283 839 initiales
318 774 356 839 ad
391 775 542 840 rusticum
578 774 767 863 quadratum
797 796 896 863 genus
926 774 1005 840 illud
1029 775 1209 864 pertinent,
1243 770 1338 837 cuius

149 895 328 984 exemplum
363 895 433 960 ride
466 897 500 961 in
535 895 627 960 titulo
663 895 745 984 apud
781 895 920 973 Maium,
956 896 989 960 in
1024 893 1134 960 tabula
1167 906 1246 959 tom.
1286 891 1337 957 Ill

149 1013 263 1105 Script.
291 1016 360 1081 Vct.
387 1015 546 1104 specimen
572 1018 602 1078 2.

192 1135 327 1225 Reliqua
354 1136 576 1202 minutioribus
606 1148 730 1202 exarata
758 1149 831 1201 sunt
861 1136 1052 1201 nitidissimis
1076 1149 1108 1202 et
1130 1134 1336 1201 accuratissi-

145 1257 223 1336 mis,
255 1258 299 1323 ita
332 1270 367 1322 ut
390 1258 502 1324 lectori
519 1280 560 1322 ne
583 1258 718 1346 speciem
741 1256 934 1324 difficultatis
954 1257 1140 1347 praebeant3
1166 1255 1246 1321 hine
1269 1255 1333 1320 mi·

144 1377 279 1442 randum
311 1378 395 1467 quod
420 1379 520 1444 Maius
543 1390 589 1444 tot
612 1400 731 1443 errores
754 1378 965 1456 commiserit,
994 1390 1029 1443 ut
1052 1400 1123 1443 mox
1148 1375 1331 1466 apparebit.

145 1498 293 1564 Attamen
316 1500 513 1566 maiusculae
529 1519 568 1578 n,
591 1519 612 1564 n
636 1500 750 1589 passim
773 1511 963 1578 occurrunt,
984 1512 1016 1564 et
1035 1501 1069 1564 in
1088 1520 1335 1588 monogramma

143 1643 224 1708 quae
248 1620 433 1686 coaluerunt
457 1631 515 1700 nt,
541 1644 593 1685 us.

154 1785 157 1788 -
187 1741 246 1806 Per
274 1753 375 1806 totum
403 1742 521 1807 librum
552 1741 642 1807 obvia
673 1754 719 1806 est
742 1740 880 1807 secunda
903 1752 1015 1805 manus
1039 1740 1148 1805 itidem
1171 1738 1247 1804 satis
1272 1761 1333 1804 an·

96 1922 98 1926 ,
140 1863 248 1950 tique,
293 1865 345 1929 cni
386 1864 546 1928 infinitum
589 1862 846 1928 emendationum
880 1884 1048 1928 nnmerum
1083 1859 1255 1940 debemus,
1296 1870 1333 1924 ut

142 1980 275 2048 Collatio
310 1983 454 2063 docebit,
490 1978 652 2073 praeterea
676 1983 760 2071 quod
785 1993 964 2048 constanter
990 1980 1188 2060 emendavit,
1215 1980 1273 2046 ubi
1298 1981 1333 2046 in

140 2102 365 2192 orthographia
399 2105 501 2192 prima
531 2125 643 2168 manus
673 2116 877 2192 peccaverat,
907 2103 946 2168 de
977 2125 1039 2190 qno
1071 2104 1176 2167 statim
1204 2101 1328 2182 dicam;

140 2235 172 2288 et
203 2247 293 2289 voees
316 2224 399 2289 male
419 2223 565 2288 dissectas
589 2224 721 2288 correxit
745 2236 873 2313 excepto
897 2225 1026 2290 fortasse
1049 2223 1109 2290 hoc
1133 2224 1229 2290 unico
1253 2222 1330 2289 Lib.

139 2345 155 2410 Ι
195 2344 272 2434 Gap.
314 2351 333 2409 3
368 2347 384 2430 §
419 2348 456 2408 1:
506 2343 644 2410 «Numa
673 2344 797 2410 volebat
829 2344 980 2434 Aegeriee
1008 2351 1139 2409 monitu
1168 2366 1206 2408 se
1238 2367 1331 2432 quae

140 2466 356 2555 receptissima
386 2465 451 2531 deis
483 2487 570 2531 sacra
600 2465 723 2545 forent,
747 2467 910 2531 instituere
933 2465 1075 2544 rideri,»
1099 2465 1155 2530 ubi
1177 2465 1330 2531 librarius

138 2585 231 2651 modo
266 2610 321 2654 suo
356 2585 461 2652 dedit:
502 2590 652 2651 monitus
688 2609 815 2674 aeque,
850 2586 1002 2680 sednon
1034 2599 1101 2652 erat
1133 2608 1190 2652 cur
1223 2587 1330 2652 Maius

139 2708 177 2772 ab
201 2708 255 2773 illo
279 2706 453 2774 discederet
476 2706 614 2772 scribens
636 2707 791 2796 Aegeric
813 2729 870 2795 pro
896 2707 1094 2772 usitatissima
1118 2706 1271 2796 Egeria.

182 2827 284 2917 Igitur
313 2826 400 2892 hunc
431 2825 573 2891 codicem
604 2849 704 2915 quum
735 2827 783 2892 rel
813 2828 862 2891 rix
886 2850 959 2892 cnm
984 2828 1060 2893 Maii
1082 2828 1222 2893 editione
1247 2850 1328 2900 con·

137 2950 219 3015 ferre
248 2948 471 3025 instituissem,
497 2947 642 3037 apparuit
666 2945 881 3012 doctissimum
904 2947 1021 3013 Italum
1044 2949 1159 3038 passim
1181 2971 1326 3029 errasse,

139 3082 193 3135 1111
223 3091 280 3158 pro
311 3067 415 3133 lubitu
446 3067 506 3131 alia
526 3067 666 3147 dedisse,
690 3091 787 3156 quem
809 3068 890 3134 liber
912 3068 1057 3148 exhibet,
1080 3069 1124 3133 ita
1144 3082 1179 3135 ut
1199 3069 1329 3136 doleam

137 3189 320 3277 Kempfinm
342 3211 407 3253 non
430 3190 566 3277 potuisse
590 3190 675 3256 adire
698 3191 858 3279 egregium
879 3189 1014 3268 librum,
1035 3213 1110 3255 nam
1129 3189 1217 3255 haud
1236 3216 1329 3283 sper-

137 3308 241 3375 nenda
276 3309 470 3373 incrementa
501 3322 611 3374 nactus
646 3322 726 3376 esset
761 3310 879 3376 Valerii
914 3324 1080 3400 apparatus
1116 3312 1245 3379 criticus
1268 3317 1328 3404 qui

137 3430 262 3496 dicitur.
309 3429 378 3494 Imo
409 3428 448 3494 de
478 3452 559 3495 nora
587 3431 809 3520 Epitometoris
832 3431 969 3498 editione
1001 3433 1147 3521 cogitatio
1178 3435 1328 3502 animum

138 3551 252 3630 subiit,
288 3549 342 3617 sed
377 3549 445 3616 11111
479 3550 562 3616 hanc
595 3552 788 3641 provinciam
819 3552 920 3618 libens
949 3553 1106 3633 concedo,
1136 3578 1214 3620 nam
1237 3536 1328 3623 Paiis

138 3671 208 3737 talis
239 3686 285 3739 est
316 3684 444 3750 auctor,
479 3695 574 3760 quem
604 3684 673 3738 tute
697 3695 822 3763 spernas
846 3697 921 3762 prae
945 3674 1063 3740 Valerii
1084 3693 1201 3765 opere,
1225 3677 1325 3744 dum·

138 3791 232 3857 modo
255 3793 343 3858 istius
368 3793 446 3858 ratio
470 3792 625 3860 habeatnr
647 3795 680 3858 in
705 3795 778 3859 crisi
801 3793 979 3859 Valeriana.

185 3913 346 4002 Quidquid
366 3927 433 3992 est,
463 3913 553 3981 lubet
584 3937 671 3980 nunc
701 3915 860 3981 Lectionis
887 3928 1010 3982 1111111111
1032 3917 1225 3984 Varietatem
1247 3943 1327 4010 pro-

138 4036 231 4113 lerre,
244 4035 412 4124 praemissa
422 4034 620 4123 quorundam
629 4035 771 4101 locorum
783 4036 1014 4116 emendatione,
1034 4060 1096 4126 que
1108 4037 1327 4108 demonstrem

139 4178 235 4245 quam
256 4169 344 4246 grata
367 4157 558 4247 negligentia
582 4157 683 4224 Maius
706 4157 792 4224 hunc
818 4158 1075 4225 Abbreviatorem
1098 4160 1252 4241 ediderit,
1288 4177 1325 4229 ut

138 4278 182 4343 sic
210 4278 338 4343 demum
367 4292 514 4368 appareat
545 4302 608 4344 non
639 4304 754 4346 renum
779 4304 885 4346 meum
911 4281 1005 4346 fnisse
1027 4282 1187 4358 laborem,
1212 4285 1326 4351 etalii

138 4400 264 4466 rideant
289 4411 442 4489 qnatenus
467 4413 586 4466 constet
609 4401 648 4468 de
672 4402 814 4468 lectionis
837 4404 1024 4491 integritate.

643 4660 790 4671 ——.—.......
