2946 5182
150 361 212 423 174
624 371 733 421 roaros
756 373 861 419 ranis.

191 541 310 611 contra
344 543 519 611 adiicienda
555 556 600 610 est
634 548 649 608 i
680 547 698 629 §
731 548 774 609 33
804 541 904 609 eiusd.
939 539 1042 632 (lap,
1074 540 1226 615 Latinum
1249 543 1340 612 enim

147 677 192 731 est
226 688 247 727 «
263 665 524 735 Gladiatorium
554 687 716 744 munus,»
749 662 833 753 quod
856 662 951 728 habet
974 661 1070 731 codex
1094 676 1125 730 et
1149 664 1256 731 Valeo.
1283 666 1339 744 11,

148 790 167 851 4
192 789 210 870 §
235 789 266 850 7.
316 785 379 854 Sed
402 786 487 855 alind
509 809 636 877 quoque
658 785 752 855 buius
785 785 974 875 paragraphi
1003 785 1171 852 collatione
1201 785 1339 853 edoctus

146 930 229 987 sum;
264 888 349 996 quod
379 909 464 974 enim
496 907 661 996 Kempfius
692 905 843 973 suadente
876 905 1032 972 Gronorio
1057 905 1176 972 addidit
1203 908 1336 975 Valerio

145 1051 182 1095 ex
209 1030 396 1095 auctoritate
426 1028 520 1093 unius
550 1027 623 1092 libri
647 1028 854 1116 antiquissimi
878 1051 899 1090 a
906 1051 1024 1103 munus
1047 1026 1206 1104 dederunt
1230 1029 1277 1105 Μ.
1302 1042 1339 1097 ct

145 1150 293 1219 Decimus
317 1150 376 1214 filii
399 1148 490 1214 Bruti
511 1146 628 1213 Perae
650 1148 776 1221 funebri
799 1149 951 1215 memoria
974 1149 1070 1237 patris
1091 1149 1211 1215 cineres
1230 1148 1338 1217 hono-

145 1270 243 1338 rando
255 1294 290 1350 ,›>
322 1268 405 1359 apud
437 1266 581 1333 Paridem
613 1290 739 1357 quoque
770 1269 896 1351 inveni,
925 1269 1048 1336 etiamsi
1070 1269 1151 1335 illud
1174 1293 1338 1360 agnomen

139 1367 252 1480 pirae
275 1387 392 1453 lineola
417 1387 548 1453 cinxerit
572 1386 686 1453 codicis
711 1397 876 1451 corrector.
1199 1368 1201 1372 ⁵

189 1507 283 1576 Modo
318 1508 451 1574 vidimus
484 1507 629 1597 plurimis
663 1507 741 1572 locis
776 1504 896 1573 Maium
931 1528 1032 1578 unum
1068 1505 1259 1579 vocabulum
1288 1509 1339 1575 vel

143 1627 235 1720 plura
266 1628 422 1707 omisisse,
464 1628 548 1717 quod
578 1627 701 1701 etiamsi
730 1625 906 1693 notandum
928 1627 1047 1717 ignosci
1067 1639 1193 1719 potest,
1220 1641 1336 1705 contra

144 1749 230 1815 haud
262 1771 362 1838 aequo
395 1750 499 1815 animo
530 1747 696 1815 ferendum
726 1747 869 1826 ridetur,
900 1746 984 1837 quod
1005 1746 1206 1815 doctissimus
1232 1749 1340 1823 editor

143 1883 223 1936 totas
253 1869 392 1937 omiserit
421 1870 651 1960 paragraphus,
686 1891 766 1959 quae
800 1868 986 1957 quantocius
1024 1867 1129 1933 Paridi
1146 1869 1339 1952 reddendae

144 2003 230 2057 sunt.
280 1989 362 2057 Sunt
397 2003 503 2056 autem
526 1991 605 2054 hae:
637 1989 733 2055 Libro
755 1989 808 2068 II,
835 1986 913 2078 (lap.
941 1993 960 2053 2
991 2001 1061 2079 post
1086 1993 1104 2077 §
1132 1996 1172 2059 13
1197 1991 1239 2058 de
1264 1993 1340 2061 Sci-

140 2114 235 2202 pione
266 2113 415 2177 Africano
451 2113 555 2177 omisit
594 2124 686 2201 turpe
718 2111 838 2176 lactum
879 2110 1032 2201 Scipionis
1069 2113 1260 2181 Numantini
1297 2139 1336 2181 ex

144 2232 271 2298 Valerio
306 2233 356 2312 II,
394 2237 412 2298 7
448 2239 468 2320 ⁴§
508 2238 547 2305 13
582 2233 627 2298 sic
660 2244 860 2321 excerptum:
912 2256 932 2296 «
941 2231 1061 2324 Scipio
1093 2235 1338 2311 latmaattnas

143 2362 249 2442 capta
295 2351 532 2444 Carthagine,
581 2362 781 2417 ceterarum
822 2357 976 2442 gentiam
1017 2355 1252 2446 transfugas,
1298 2362 1341 2422 in-

144 2473 288 2540 edeadis
305 2477 436 2565 papate
461 2475 690 2564 spectaculis,
715 2475 838 2539 bestiis
857 2475 1016 2539 obiecit.»
1049 2476 1145 2541 Libro
1165 2476 1230 2556 VI,
1252 2475 1336 2568 cap.

142 2600 163 2669 3
192 2608 267 2684 post
303 2598 320 2680 §
356 2599 376 2661 6
413 2596 513 2661 Maius
548 2595 608 2660 sibi
642 2595 772 2669 retinuit
808 2594 969 2661 Romanae
993 2598 1164 2673 severitatis
1188 2622 1339 2679 serarum

142 2715 320 2806 exemplum
357 2741 394 2782 ex
430 2716 555 2782 Valerio
591 2716 656 2794 VI,
694 2722 713 2781 3
751 2719 769 2803 §
796 2721 816 2780 3
841 2716 897 2781 ult.
923 2717 966 2783 sic
986 2717 1228 2785 abbreviatum:
1252 2744 1281 2795 ,a
1296 2718 1336 2802 C.

143 2836 347 2903 Vettiorum
384 2811 559 2916 serratas:
590 2836 682 2926 qaod
712 2836 846 2926 digitos
874 2839 944 2901 sibi
971 2842 1145 2904 sinistrae
1180 2864 1335 2921 manus,

141 2981 184 3023 aa
222 2960 307 3025 betto
343 2958 474 3025 Italico
506 2959 700 3036 militaret,
733 2957 955 3037 absciderat,
989 2961 1141 3025 uincatis
1170 2968 1336 3041 aeternis

142 3079 362 3144 damnarit.»
397 3079 465 3146 Nec
496 3103 547 3146 me
580 3078 795 3146 adversantem
826 3050 956 3156 habebit
989 3080 1035 3159 is,
1070 3081 1125 3169 qui
1156 3081 1220 3147 hoc
1251 3082 1338 3151 duce

140 3199 344 3266 inserendum
375 3200 501 3267 Valerio
527 3213 670 3267 censeat:
697 3201 803 3271 ‚asili
825 3200 977 3266 sinistrae
1000 3224 1112 3267 manus
1130 3201 1252 3292 digitos
1279 3205 1338 3270 ab·

140 3319 275 3389 sciderat
289 3344 324 3400 ,›>
357 3320 442 3409 quod
474 3321 602 3410 Pighius
634 3323 668 3387 in
700 3343 764 3386 nno
796 3321 904 3387 codice
935 3324 1100 3388 inventum
1122 3345 1187 3388 non
1211 3325 1339 3416 impro-

137 3440 235 3507 barit.
283 3441 429 3529 Denique
461 3441 555 3506 Libro
586 3442 679 3518 VIII,
715 3439 795 3532 Cap,
832 3446 872 3508 10
904 3455 973 3532 post
1007 3447 1023 3531 §
1056 3442 1158 3510 bhoc
1177 3467 1336 3535 magnum

141 3564 257 3629 artium
294 3563 424 3629 effectus
457 3560 684 3629 documentum
717 3586 754 3628 ex
786 3563 891 3630 Valer.
924 3563 1017 3642 VIII,
1052 3569 1089 3629 ll
1125 3565 1197 3630 Est.
1233 3572 1253 3633 4
1285 3567 1337 3635 his

139 3684 242 3753 ‚verbis
280 3691 481 3773 excerptum:
540 3684 696 3772 «Equos
727 3687 877 3774 pictura
917 3707 1024 3772 eqaac
1055 3688 1180 3775 pictae
1220 3697 1337 3755 motas

139 3804 369 3883 anthiociam
397 3805 432 3870 in
456 3827 520 3893 quo
539 3804 611 3874 loco
631 3827 695 3869 non
717 3806 801 3871 valet
824 3805 901 3870 Maii
924 3805 1061 3895 religiosi
1078 3806 1142 3879 ‚ista
1166 3805 1333 3890 defensio,

139 3948 215 3991 nam
237 3925 347 3991 iisdem
370 3926 435 3997 istis
460 3924 640 3999 censoribus
665 3929 683 4010 §
710 3930 730 3990 6
754 3937 785 3990 et
810 3929 828 3990 7
854 3926 1052 3999 damnandae
1075 3939 1188 3993 essent.

188 4046 308 4132 Quibus
338 4046 445 4136 itaque
477 4046 596 4119 Paridis
619 4046 721 4112 verbis
743 4046 864 4136 publici
887 4048 963 4114 iuris
986 4047 1076 4113 factis
1099 4047 1268 4117 redeamus
1294 4053 1336 4119 ad

139 4167 316 4234 sanandum
354 4168 486 4233 Librum
518 4168 570 4248 Il,
596 4168 651 4234 ubi
676 4166 755 4258 Cap.
782 4172 801 4232 2
827 4172 845 4253 §
874 4170 913 4234 15
938 4169 1071 4259 impegit
1096 4170 1198 4237 Maius
1222 4173 1257 4237 iu
1283 4173 1335 4241 his

141 4290 261 4356 verbis:
312 4289 377 4355 «L.
409 4291 544 4356 Marcius
574 4289 737 4369 derebus
768 4291 845 4356 actis
878 4313 896 4354 a
925 4313 959 4357 se
990 4291 1148 4372 scribens,
1178 4293 1213 4359 in
1242 4294 1335 4364 hunc

138 4410 269 4477 modum
292 4433 377 4485 asas
400 4423 464 4476 est:
492 4411 528 4476 L.
552 4411 688 4483 Marcius
711 4435 768 4502 pro
792 4424 974 4502 praetore.»
1004 4411 1045 4478 It
1063 4411 1205 4489 coderet
1218 4415 1332 4485 Valer.

140 4533 189 4612 II,
222 4537 240 4598 7
273 4534 291 4618 §
324 4536 364 4599 15
397 4544 481 4599 recte
512 4534 659 4599 omnino:
695 4556 825 4600 «orsas
856 4545 946 4612 est,>›
975 4556 1050 4601 nam
1079 4534 1183 4623 agitur
1206 4535 1255 4609 vde
1281 4537 1333 4607 his

142 4669 276 4744 quatuor
299 4655 401 4722 verbis
424 4666 559 4722 tantum.
