2946 5182
577 388 838 436 rnarorrronrs.
1242 377 1300 439 151

168 559 241 626 Non
269 559 351 627 benc
375 559 524 649 explicuit
546 558 648 625 editor
666 559 852 648 compendia
876 559 936 625 hac
959 560 1069 628 eadem
1092 586 1163 653 pag.
1189 585 1217 626 v.
1247 566 1303 628 15:
1330 648 1333 654 Ι

123 680 262 746 «Facile
294 685 356 770 qui
382 703 449 744 nou
475 680 515 744 sit
544 679 640 745 hebes
671 703 708 744 ac
739 681 831 746 nimis
859 680 990 762 brutus,
1023 684 1198 772 assequitur
1228 705 1307 772 quo·

124 800 220 902 modo
251 802 285 866 in
319 813 487 890 utramque
507 812 649 889 partem,
674 798 722 865 his
742 801 790 865 uti
808 800 884 866 loeis
903 803 1038 892 possit.»
1075 803 1112 868 In
1137 804 1218 869 libro
1242 817 1304 871 est:

162 906 169 933 l
198 904 205 931 l

123 952 252 1037 «q'n,»
276 946 365 1034 atqui
387 946 540 1034 legamus:
567 943 706 1010 «Facile
729 948 809 1033 quis
830 949 906 1009 m'sr'
927 946 965 1010 sit
988 945 1084 1011 hebes
1108 960 1196 1013 cet.»

171 1051 263 1140 Quod
287 1052 312 1116 si
335 1051 398 1115 iam
421 1051 454 1114 in
477 1049 561 1139 siglis
586 1050 705 1115 Maium
728 1051 819 1116 toties
842 1050 984 1117 videmus
1006 1052 1217 1133 titubantem,
1245 1077 1309 1119 non

124 1173 203 1239 adeo
234 1170 370 1238 mirandi
393 1171 481 1237 locus
507 1184 574 1250 est,
600 1170 685 1261 quod
709 1174 727 1256 §
751 1175 792 1250 6,
817 1194 889 1262 pag.
918 1176 984 1238 224
1006 1196 1037 1239 v.
1065 1177 1107 1239 20
1132 1174 1171 1238 ad
1194 1174 1306 1240 rerba:

124 1295 202 1362 «Ut
236 1294 361 1360 Marcus
400 1292 521 1358 Tullius
558 1290 700 1359 Cicero»
735 1296 909 1383 rogaverit,
934 1319 1012 1360 num
1034 1318 1092 1385 pro
1126 1294 1246 1361 Cicero
1277 1297 1310 1360 in

125 1414 235 1481 codiee
266 1416 305 1479 sit
341 1414 507 1493 diceudo,
546 1414 691 1480 vocabuli
726 1414 948 1504 compendium
983 1416 1094 1483 saltem
1128 1417 1186 1481 sibi
1216 1417 1310 1507 paulo

125 1535 289 1601 obscurius
319 1535 429 1601 videri.
480 1533 522 1600 At
554 1535 681 1600 cuinam
711 1534 930 1603 difficultatem
956 1536 1105 1626 praebeat
1128 1538 1311 1627 compendi-

125 1676 201 1733 um,
234 1653 318 1742 quod
351 1654 584 1720 accuratissime
612 1655 656 1720 sic
687 1667 848 1720 exaratum
881 1667 946 1720 est:
972 1633 1050 1720 dii?
1097 1656 1242 1746 Denique
1265 1657 1312 1722 le-

126 1775 266 1866 gendum
296 1788 358 1841 est:
392 1798 413 1838 «
423 1776 468 1843 Ut
495 1775 620 1841 Marcus
645 1774 766 1840 Tullius
791 1775 887 1839 dixit
898 1797 936 1852 ,·›>
960 1775 1227 1863 quemadmodum
1251 1777 1312 1842 hoc

126 1896 222 1964 verbo
247 1898 348 1988 utitur
369 1920 441 1962 mor
465 1921 494 1973 r,
518 1901 576 1977 293
601 1896 721 1962 accedit
746 1896 830 1985 quod
855 1896 964 1961 Victor
984 1894 1170 1963 Ciceronem
1190 1922 1313 1989 semper

127 2018 298 2108 compellat
320 2019 526 2108 praenomine
549 2030 581 2084 et
603 2018 731 2083 nomine
755 2018 873 2108 absque
890 2017 1096 2107 cognomine,
1116 2018 1187 2084 ride
1199 2045 1231 2109 p.
1247 2024 1312 2086 203

126 2162 157 2204 r.
184 2143 248 2218 30,
270 2163 304 2229 p.
333 2143 399 2204 204
423 2162 452 2205 v.
481 2144 544 2218 39,
568 2164 601 2228 p.
629 2143 694 2204 210
718 2162 747 2204 r.
777 2143 812 2217 4,
837 2163 868 2228 p.
893 2141 959 2202 212
981 2161 1010 2203 v.
1035 2141 1074 2217 1,
1094 2163 1127 2229 p.
1151 2143 1312 2220 alano,

128 2263 168 2325 21
192 2273 223 2325 et
248 2263 307 2339 31,
332 2285 365 2350 p.
392 2263 458 2325 220
482 2264 544 2325 v.3
569 2272 601 2325 et
624 2264 687 2338 26,
712 2284 745 2349 p.
773 2263 838 2323 222
850 2282 880 2324 r.
909 2262 948 2324 17
962 2309 970 2337 ,
991 2283 1024 2349 p.
1040 2263 1106 2325 223
1121 2284 1149 2326 v.
1166 2265 1229 2341 20,
1251 2275 1312 2327 cet.

176 2366 408 2469 OEmpendium
444 2379 576 2470 copulae
614 2388 648 2444 et
680 2378 779 2447 male.
796 2402 853 2468 pro
889 2381 1118 2470 praepositione
1150 2406 1172 2445 u
1203 2382 1315 2448 habuit

129 2500 232 2567 editor
267 2504 285 2587 §
318 2507 358 2581 7,
390 2525 463 2591 pag.
493 2504 558 2566 226
589 2524 617 2565 r.
643 2504 683 2565 9:
719 2499 970 2566 «Inartifieiales
993 2500 1182 2567 adiuvantur
1204 2503 1314 2570 iisdem

128 2623 224 2701 locis,
250 2645 327 2711 quos
350 2622 555 2687 tradidimus:
581 2644 597 2685 a
621 2643 772 2711 persona,
801 2644 818 2683 a
841 2621 931 2696 loco,
957 2634 1154 2712 atempore,
1177 2633 1211 2688 et
1231 2639 1315 2691 cete-

129 2744 173 2808 ris
198 2740 360 2823 0mnibus,
386 2744 441 2833 qui
466 2744 499 2808 in
522 2742 760 2833 probationibus
784 2740 1000 2807 artificialibus
1018 2764 1201 2808 communes
1222 2768 1315 2835 argu-

127 2876 310 2931 mentorum
332 2865 395 2930 loci
418 2865 655 2956 appellantur.»

177 2985 295 3052 Eadem
320 3009 392 3075 pag.
418 3009 448 3051 r.
475 2991 537 3064 33,
564 2987 581 3070 §
605 2989 646 3063 8,
671 2983 787 3048 lineola
811 2981 851 3046 ab
874 2981 994 3048 editore
1014 2982 1158 3072 neglecta
1179 2986 1315 3074 perdidit

129 3121 310 3198 temporum
350 3107 624 3172 consecutionem:
662 3127 683 3168 «
694 3103 727 3170 si
762 3104 795 3168 id
829 3126 894 3168 non
929 3103 1111 3194 continget,
1149 3120 1203 3172 ant
1236 3109 1317 3176 sorte

130 3252 226 3296 causa
255 3229 315 3294 erit
348 3227 458 3293 eadem
490 3229 670 3304 actionum,
696 3224 868 3291 incusanda
888 3224 1101 3313 negligentia,
1127 3240 1181 3292 aut
1204 3228 1243 3294 de
1266 3231 1317 3294 in·

131 3350 283 3415 firmitate
313 3370 517 3439 personarum
549 3346 785 3437 quaerendum,
810 3359 919 3412 contra
944 3368 1022 3434 quas
1045 3347 1104 3412 crit
1126 3347 1315 3432 iudicatum3

133 3483 189 3536 aut
219 3469 258 3535 de
290 3471 409 3558 gratia,
443 3493 523 3559 quae
557 3481 650 3536 testes
681 3471 863 3558 corrupit;
893 3479 947 3531 aut
975 3466 1014 3532 de
1044 3467 1178 3547 invidia,
1203 3483 1256 3536 aut
1280 3471 1317 3536 de

132 3592 329 3681 ignorantia3
368 3603 421 3656 aut
456 3589 649 3669 ridendum,
684 3588 760 3678 quid
784 3611 896 3654 causae
919 3599 1026 3676 postea
1047 3591 1249 3655 accesserit.»
1280 3592 1318 3656 In

133 3714 215 3779 libro
238 3725 284 3777 est
303 3713 472 3788 «corrupit
482 3735 516 3790 ,u
537 3734 599 3801 quo
612 3711 801 3800 intelligenti
820 3709 1015 3797 significatur
1037 3714 1247 3799 corruperit.

184 3832 301 3900 Contra
331 3855 402 3922 pag.
435 3835 499 3896 227
529 3855 559 3897 v.
595 3831 723 3897 tidem
746 3829 823 3896 illud
849 3827 1073 3919 compendium
1095 3851 1159 3920 non
1183 3833 1320 3923 neglexit

136 3955 260 4034 Maius,
286 3953 339 4019 scd
365 3977 438 4018 cum
462 3953 560 4018 altero
583 3952 683 4019 ductu
706 3965 834 4019 curvato
854 3950 1053 4041 permiscuit,
1080 3949 1111 4015 id
1134 3964 1180 4017 est
1199 3953 1316 4020 edidit:

138 4099 160 4139 «
173 4073 325 4162 Exempla
348 4075 533 4160 utriusque
551 4094 614 4136 non
636 4070 811 4149 deerunt‚»
835 4069 890 4135 ubi
912 4046 1027 4159 utriq,·
1063 4081 1180 4149 exstat,
1226 4084 1320 4160 atque

135 4198 260 4286 legatur
282 4196 467 4281 utrimque.

184 4317 289 4383 Minus
314 4327 398 4380 recte
423 4314 523 4379 Maius
546 4336 610 4378 non
633 4314 751 4403 recepit
775 4311 930 4378 secundae
947 4333 1059 4378 manus
1072 4315 1319 4394 correctionem,

138 4462 236 4529 quam
266 4437 439 4503 sententiae
469 4459 566 4501 nexus
596 4434 808 4526 recipiendam
840 4434 974 4512 clamat,
1006 4457 1077 4523 pag.
1102 4433 1171 4500 ead.
1197 4460 1226 4501 v.
1256 4440 1318 4500 24:

139 4560 227 4625 «Ius
251 4558 420 4624 iurandum
445 4559 500 4646 qui
523 4558 632 4636 offert,
659 4569 713 4622 aut
736 4557 780 4622 ita
803 4579 835 4621 sc
858 4555 1018 4634 tuebitur,
1044 4567 1079 4620 ut
1103 4579 1174 4620 eum
1199 4557 1323 4622 nonsit

140 4680 291 4748 credibile
329 4681 576 4770 periuraturum;
616 4692 670 4745 aut
705 4680 730 4744 si
764 4701 856 4745 causa
885 4681 1075 4767 patiatur,
1111 4675 1204 4741 modo
1239 4677 1321 4758 litis,
