2946 5182
518 359 637 407 CICERO
663 360 704 406 DE
729 364 771 409 RE
797 360 950 409 eunucu.

553 660 692 726 tutta
734 657 914 726 cautela.

84 917 86 922 ·
187 893 323 959 Transeo
348 885 396 957 'ad
428 891 563 958 alterum
597 890 705 959 locum
738 890 834 980 paulo
862 892 1057 981 graviorem,
1089 905 1225 962 aetatem
1257 893 1334 961 dico

139 1013 259 1081 Codicis
290 1012 447 1092 Tulliani,
479 1012 513 1077 in
546 1033 610 1100 qua
639 1009 820 1078 definienda
851 1012 910 1078 riri
937 1011 1022 1080 docti
1050 1014 1193 1081 nondum
1216 1035 1332 1082 rerum

140 1137 274 1206 assecuti
305 1147 390 1201 sunt.
440 1131 560 1202 Ordine
587 1131 626 1201 de
656 1130 718 1198 bac
745 1155 779 1199 re
804 1132 905 1200 Maius
927 1132 1123 1201 iudicaturus
1147 1136 1191 1202 sic
1213 1135 1334 1228 incipit

138 1279 211 1347 paq.
244 1275 334 1322 uxta:
370 1253 491 1319 »aliter
522 1253 705 1320 coniectura
735 1252 880 1319 facienda
911 1267 957 1321 est
984 1278 1002 1321 e
1025 1255 1136 1323 litteris
1158 1256 1333 1325 titulorum

137 1377 188 1444 161
210 1376 477 1467 subscriptionmu
499 1372 549 1439 161
572 1373 668 1440 etiam
686 1373 830 1441 brevium
851 1374 1046 1465 alogiorum,
1066 1376 1157 1444 aliter
1172 1401 1209 1444 61
1228 1378 1332 1468 ipsius

139 1508 302 1563 contextus
332 1495 498 1586 scriptura.
546 1493 689 1584 Namque
720 1495 754 1561 11
784 1495 846 1561 illis
879 1495 1065 1584 quadratam
1092 1499 1332 1588 maximamque

138 1618 325 1708 scripturam
356 1616 487 1707 plurimi
509 1615 603 1706 vulgo
627 1615 701 1681 libri
724 1615 764 1681 ab
788 1615 901 1683 ultima
923 1617 990 1685 fere
1013 1618 1202 1706 antiquitate
1225 1641 1333 1710 usque

139 1738 179 1804 ad
205 1737 395 1805 hodiernum
425 1737 510 1802 diem
537 1759 613 1826 prae
643 1760 676 1803 se
705 1737 787 1804 ferre
818 1738 937 1818 solent,
968 1738 1097 1806 honoris
1123 1739 1332 1809 retornatas

138 1861 238 1950 gratia
269 1858 329 1926 hac
360 1859 484 1925 litterae
514 1881 630 1948 magua
653 1858 754 1925 forma
778 1859 881 1940 fiunt,
906 1861 963 1950 qui
985 1862 1109 1928 masin
1132 1860 1331 1929 membranis

133 1975 316 2048 retentus.»
355 1979 510 2047 Silvestris
533 1978 661 2045 tabulae
685 1993 830 2046 accurate
854 1982 1015 2072 inspectae
1036 1982 1169 2049 meliora
1192 1981 1328 2066 doeeut3

137 2104 228 2169 affert
251 2100 380 2192 quidem
400 2101 501 2167 Maius
523 2100 564 2165 ad
586 2123 676 2166 suam
698 2100 887 2167 firmandam
907 2102 1088 2193 opinionem
1107 2101 1199 2193 plura
1218 2126 1331 2170 exem·

137 2223 211 2316 pla,
236 2223 290 2290 sed
312 2225 346 2288 in
366 2222 594 2290 recentioribus
612 2234 682 2312 post
701 2245 823 2288 nonum
847 2222 1008 2290 saeculum
1025 2247 1073 2290 res
1092 2224 1135 2288 ita
1156 2222 1328 2305 sehabet,

136 2346 286 2412 hierarc
313 2344 353 2411 de
380 2343 610 2433 antiquioribus
633 2344 906 2433 pronuntiandum
923 2358 989 2424 est,
1015 2344 1130 2434 quibus
1153 2344 1331 2413 Vaticanus

137 2468 356 2558 palimpsestus
380 2466 616 2532 adnumeratur.
666 2464 790 2556 Duplex
813 2478 919 2534 autem
944 2466 1059 2533 horum
1079 2467 1160 2533 ratio
1175 2479 1236 2547 est3
1260 2490 1328 2556 quo

137 2591 222 2659 enirn
246 2601 387 2680 tempore
407 2611 444 2655 ea
463 2587 659 2654 scribebatur
677 2586 855 2653 litterarum
871 2586 991 2666 forma,
1021 2608 1116 2676 quam
1137 2587 1171 2651 in
1189 2587 1328 2678 inscrip-

136 2711 275 2777 tionibus
298 2711 476 2788 cernimus,
500 2709 689 2777 maiusculas
712 2707 782 2774 illas
805 2708 959 2786 dicimus,
984 2729 1049 2773 non
1069 2719 1136 2773 crat
1155 2729 1213 2774 cur
1225 2707 1329 2776 altera

137 2832 296 2898 ornatiora
326 2832 480 2920 scriptura
510 2829 595 2894 tituli
626 2840 848 2907 exararentur,
874 2851 955 2916 quae
975 2828 1117 2895 nondum
1140 2830 1325 2913 exsistebat3

127 2954 181 3044 ‚sic
204 2964 326 3017 constat
348 2950 459 3017 eadem
481 2948 611 3013 omnino
633 2947 811 3015 litterarum
833 2949 935 3013 forma
957 2949 1065 3015 titulos
1084 2973 1121 3016 ac
1141 2963 1328 3019 contextum

137 3095 204 3140 esse
235 3073 387 3161 scriptum
423 3069 562 3136 Terentii
593 3067 739 3134 Vaticani
769 3069 825 3136 ΝΟ.
857 3072 946 3137 3226
977 3094 1014 3137 61
1039 3070 1164 3137 saeculo
1188 3085 1325 3161 quarto,

138 3193 228 3259 cuius
260 3193 414 3282 scriptura
437 3190 476 3257 ad
499 3190 653 3255 rusticum
673 3187 758 3277 quod
782 3188 893 3254 11161111
916 3213 1015 3279 genus
1038 3192 1207 3258 transitum
1229 3193 1324 3276 facit3

138 3313 223 3380 idem
265 3312 367 3378 11161
390 3311 424 3376 11
453 3309 585 3399 Virgilio
615 3308 770 3375 Vaticano
799 3309 856 3376 N⁰.
887 3314 996 3390 3867,
1039 3310 1115 3378 Sitv.
1152 3312 1219 3379 tab.
1260 3317 1325 3394 60,

137 3435 170 3501 in
205 3457 270 3523 qua
304 3454 455 3524 personae
489 3430 600 3497 eadem
635 3453 698 3519 qua
728 3442 891 3497 contentus
921 3432 1023 3498 forma
1050 3433 1148 3499 minio
1179 3446 1326 3502 exaratae

139 3568 225 3636 sunt3
259 3577 320 3621 nec
343 3554 436 3620 aliter
459 3575 507 3618 res
535 3575 567 3618 se
590 3551 706 3631 habet,
731 3552 791 3617 nisi
813 3552 894 3618 fallit
918 3554 1089 3634 memoria,
1113 3555 1147 3619 in
1172 3555 1326 3621 Gellianis

137 3675 321 3766 fragmentis
351 3673 545 3765 palimpsesti
576 3671 692 3739 codicis
722 3672 858 3739 Palatini
888 3674 921 3740 in
952 3674 1031 3740 111111.
1064 3675 1139 3742 1111,
1170 3674 1227 3742 N0.
1261 3679 1322 3757 243

138 3796 249 3865 eadem
272 3797 353 3862 ratio
374 3795 435 3861 fuit
458 3793 614 3862 contendo
637 3795 671 3860 iu
694 3793 843 3861 Sallustio
856 3795 1030 3875 Vaticano,
1050 3818 1176 3862 necnon
1194 3796 1228 3861 in
1247 3795 1326 3863 reli-

140 3918 210 4007 quis
244 3916 425 3995 codicibus,
467 3937 603 4005 quorum
637 3913 730 3980 titulo
764 3912 932 3982 deficiente
965 3939 1014 3982 res
1048 3915 1163 3982 confici
1196 3918 1320 4006 nequit.

138 4038 228 4106 Nora
259 4050 368 4104 contra
398 4036 532 4103 invaluit
561 4035 661 4115 ratio,
693 4058 730 4101 61
761 4058 824 4125 quo
854 4034 1008 4125 paulatim
1039 4058 1057 4100 a
1095 4036 1197 4126 prisca
1219 4037 1328 4103 forma-

139 4159 296 4227 ornatiore
321 4157 459 4224 aberrari
479 4169 627 4248 coeptum
651 4167 716 4236 est,
741 4167 773 4222 61
793 4156 947 4246 scriptura
971 4178 1067 4244 quam
1089 4157 1248 4223 uncialem
1272 4158 1322 4225 161

139 4279 376 4351 semiuncialem
392 4277 524 4357 dicunt,
545 4279 579 4345 in
598 4300 692 4345 usum
714 4277 819 4356 161111,
840 4277 959 4367 quippe
972 4299 1053 4366 quae
1064 4276 1187 4344 litterae
1198 4277 1323 4346 mediae

138 4406 222 4472 11161
250 4401 438 4470 maiusculas
469 4413 564 4490 atque
590 4398 784 4466 minusculas
806 4398 930 4488 lonqius
953 4397 1134 4467 recedentes
1158 4421 1176 4463 a
1198 4400 1324 4467 rusticis

138 4527 200 4594 illis
223 4525 406 4593 adtentum
429 4522 693 4591 conscribendum
715 4520 959 4600 adhiberentur,
987 4520 1064 4587 dum
1087 4519 1203 4588 alterae
1226 4544 1321 4589 orna·

139 4649 232 4716 tiores
261 4647 359 4714 titulis
390 4645 583 4712 lemmatisve
614 4643 816 4721 inservirent,
849 4642 911 4712 sive
941 4644 1060 4711 maiore
1090 4642 1190 4709 forma
1220 4657 1255 4710 ut
1286 4646 1319 4711 in
