2946 5182
440 388 608 436 noruracu
634 388 729 436 sarrs
752 387 879 436 rursu.
907 380 1019 436 mans
1251 375 1310 438 141

123 580 204 635 con,
251 559 390 635 circum,
433 572 519 639 ante;
533 584 553 623 »
596 581 705 624 rerum
746 560 847 626 Maius
890 560 939 625 his
975 558 1076 625 verbis
1112 559 1310 650 defungitur:

124 677 310 744 «hactenus
342 681 532 769 exscriptum
562 680 641 758 luit,
674 703 775 770 pauca
795 682 923 769 insuper
947 694 978 746 et
1010 681 1140 771 quidem
1161 683 1314 772 pleraque

125 799 323 878 oblitterata,
364 802 397 865 in
433 800 541 868 codice
576 816 796 890 supererant.»
844 802 957 869 Ultimi
988 802 1056 867 folii
1091 802 1245 892 scriptura
1280 806 1313 869 in

122 921 239 1010 pagina
255 943 358 996 ,versa
387 923 430 986 ita
460 922 638 989 oblitterata
667 936 733 1001 est,
768 937 802 988 ut
835 924 911 989 duas
939 936 1064 988 tantum
1092 945 1182 989 voces
1209 924 1314 1013 legere

123 1043 282 1139 potuerim
315 1043 348 1106 in
380 1042 490 1108 limine
520 1044 671 1132 paginae,
704 1057 814 1110 eontra
840 1046 873 1109 in
896 1044 972 1109 folio
997 1056 1082 1110 recto
1107 1043 1225 1133 absque
1249 1045 1314 1110 ulla

123 1161 312 1229 difficultate
343 1162 407 1252 legi
437 1164 648 1252 particulam,
676 1187 771 1253 quam
795 1165 899 1230 omisit
923 1166 970 1243 is,
996 1167 1051 1253 qui
1074 1165 1158 1231 Maio
1181 1187 1314 1255 apogra-

123 1283 225 1373 phum
248 1283 446 1362 confecerat,
471 1286 573 1374 operis
593 1299 773 1375 pertaesus,
795 1287 917 1374 opinor.
949 1287 1070 1371 ,Quem
1090 1286 1196 1351 locum
1218 1308 1313 1351 accu-

124 1417 193 1471 rate
216 1404 409 1494 descriptum
433 1404 485 1468 hic
508 1404 658 1471 exhibere
681 1405 769 1471 libet.

643 1617 792 1626 »αι-..-

170 1766 240 1831 «Ex
270 1769 459 1856 praepositio
489 1767 649 1834 interdum
685 1792 725 1835 .r.
751 1769 890 1834 litteram
915 1780 970 1832 aut
993 1768 1026 1832 in
1053 1767 1088 1831 .f.
1115 1780 1310 1846 commutat,

122 1899 161 1952 ut
174 1888 200 1974 ¹)
232 1887 367 1966 effatur,
399 1887 551 1980 effabilis,
584 1889 668 1954 ferus
692 1889 828 1968 efferus,
852 1888 993 1955 frenatus
1018 1887 1207 1966 effrenatus,
1232 1888 1313 1954 facio

123 2007 249 2086 efficio,
278 2008 380 2074 factus
411 2010 561 2088 effectus,
596 2023 650 2076 aut
681 2034 716 2076 er
746 2012 868 2100 integra
892 2022 1000 2075 manet
1023 2022 1055 2074 et
1078 2007 1219 2074 subiecta
1243 2032 1314 2075 cor·

122 2141 333 2219 rumpuntur,
355 2143 390 2195 ut
410 2132 540 2197 aestimo
560 2133 720 2210 existimo,
740 2154 837 2221 carpo
857 2153 1008 2221 excerpo,
1029 2152 1148 2218 quaero
1165 2130 1313 2218 exquiro,

123 2262 181 2316 aut
203 2251 332 2316 omnino
355 2251 467 2317 eadem
489 2252 594 2318 littera
618 2252 755 2331 carebit,
777 2266 813 2318 ut
829 2252 990 2342 egredior,
1017 2273 1176 2341 egressus,
1201 2273 1314 2317 emano

121 2373 288 2451 emanavi,
313 2373 462 2450 elimino,
487 2372 668 2452 eliminari,
693 2372 796 2451 elido,
820 2373 899 2439 elisi.
950 2371 999 2437 ld
1023 2373 1212 2462 praepositio
1242 2395 1315 2461 sepe

122 2493 256 2560 finalem
281 2492 325 2560 .d.
351 2492 489 2558 litteram
503 2492 529 2582 ²)
554 2493 688 2558 eandem
712 2495 867 2559 convertit
889 2493 1029 2559 litteram
1053 2515 1071 2557 a
1090 2515 1158 2582 qua
1181 2515 1315 2582 sequens

120 2635 196 2704 pars
215 2614 364 2679 orationis
385 2613 534 2693 inchoat,
558 2626 593 2678 ut
617 2613 714 2680 caedo
739 2612 855 2680 accedo
878 2637 943 2679 non
964 2612 1100 2692 adcedo,
1123 2614 1239 2678 accessi
1250 2635 1315 2679 non

122 2732 260 2813 adcessi,
284 2734 330 2800 sic
354 2735 494 2824 accipio,
520 2735 704 2813 accumulo,
730 2735 857 2814 accolo,
884 2735 1032 2825 accingo,
1057 2746 1090 2799 et
1105 2733 1219 2799 similia
1238 2735 1316 2801 item

121 2866 297 2944 utrumque
321 2867 570 2945 corrumpuntur
593 2854 631 2920 ad
656 2855 783 2944 spiritus
806 2867 838 2921 et
861 2853 1055 2944 subsequens
1074 2876 1146 2943 pars
1165 2855 1315 2920 orationis

71 3023 74 3027 -
120 2988 161 3042 ut
191 2989 302 3042 cantus
326 2989 484 3042 accentus.
531 2977 613 3043 Item
637 2975 807 3065 aliquando
834 2975 878 3041 .d.
903 2975 1008 3042 littera
1031 2975 1065 3039 in
1092 2986 1128 3040 .t.
1154 2987 1314 3041 transmu-

120 3108 211 3162 tatur
244 3110 281 3162 ut
315 3096 444 3176 attollo,
478 3096 591 3176 attuli,
628 3096 775 3176 attritus,
811 3095 973 3162 interdum
1003 3096 1115 3161 transit
1145 3095 1179 3160 in
1211 3119 1253 3186 .p.
1278 3108 1315 3161 ut

122 3239 271 3308 appono,
297 3216 457 3308 approbo,
481 3218 626 3308 appello,
651 3239 894 3306 nonnumquam
916 3216 950 3281 in
974 3217 1006 3282 .l.
1030 3230 1068 3283 ut
1093 3216 1179 3297 lido,
1207 3216 1314 3296 allidi,

122 3336 226 3418 allisi,
257 3339 369 3429 alligo,
402 3338 532 3418 allatus,
560 3351 703 3404 mutatur
726 3340 814 3405 etin
840 3362 878 3406 .r.
905 3351 937 3404 et
961 3338 1144 3406 altrinsecus
1165 3335 1171 3427 Ι
1192 3339 1219 3425 ³)
1245 3361 1315 3404 cor-

120 3473 319 3549 rumpuntur
341 3473 464 3550 partes.
479 3511 486 3526 .
500 3510 508 3527 .
523 3484 562 3526 .»

172 3667 312 3758 Apparet
342 3691 416 3758 ergo
448 3692 485 3735 er
513 3668 575 3735 hoc
603 3669 673 3734 loeo
698 3669 863 3734 cuiusnam
888 3667 1066 3759 argumenti
1089 3667 1128 3731 sit
1151 3664 1204 3744 id,
1230 3667 1315 3756 quod

120 3792 202 3856 latet
225 3790 259 3855 in
282 3789 393 3854 ultima
417 3789 533 3856 codicis
554 3790 690 3881 pagina,
716 3789 770 3856 sed
783 3789 939 3855 Bonifacii
952 3787 1036 3853 Artis
1048 3786 1121 3852 finis
1133 3786 1228 3852 simul
1241 3810 1315 3854 cum

118 3910 187 3978 alia
209 3910 395 3978 membrana
415 3911 596 3991 interierat,
620 3934 695 3976 nam
719 3911 753 3975 in
776 3909 880 3978 media
903 3909 1058 3978 sententia
1076 3908 1314 3977 desinitfolium

121 4045 289 4112 nostrum,
313 4046 350 4098 ut
373 4056 391 4099 e
414 4033 551 4124 vestigiis
574 4034 730 4100 coniicere
753 4031 838 4099 licet.

121 4215 263 4235 μ

162 4324 194 4393 1)
223 4321 282 4376 eod.
301 4331 359 4380 aut.
398 4325 428 4396 2)
449 4321 520 4379 adde
539 4322 575 4376 in.
616 4327 645 4396 3)
665 4321 718 4377 Fol.
741 4330 805 4375 vert.

629 4611 818 4639 ...ηομ-.-
