2946 5182
611 359 848 407 mvaonuerm.
1305 345 1324 404 3

137 532 320 609 studemus,
347 531 436 620 quasi
460 530 622 594 communi
646 528 787 618 quodam
810 528 938 596 vinculo
961 527 1001 593 ad
1024 551 1075 594 eas
1099 526 1325 619 promovendas
1395 516 1396 522 ἵ

136 654 213 722 duci
231 652 402 730 debemus,
427 663 459 717 et
483 647 634 715 ridiculus
653 661 700 715 est
718 650 851 716 istorum
876 663 1025 728 conatus,
1052 650 1107 739 qui
1131 649 1324 740 impediant,

137 776 309 864 quominus
332 773 387 839 alii
410 795 466 838 sua
490 779 634 860 repetant
659 782 714 836 aut
743 771 912 861 corrigant.
960 772 1065 860 Atque
1087 769 1174 837 haud
1198 773 1262 838 scio
1285 794 1326 836 an

138 918 214 963 vero
236 886 415 961 litterarum
435 915 542 958 amore
565 892 674 958 arserit
699 890 809 958 doctus
831 891 886 958 ille
908 892 1027 971 Italus,
1052 893 1109 980 qui
1131 893 1214 958 tristi
1236 914 1327 959 sane-

137 1039 235 1106 quam
266 1013 439 1080 ambitione
469 1035 507 1078 eo
534 1010 705 1101 perductus
725 1013 805 1091 fuit,
830 1026 865 1079 ut
885 1012 951 1079 viro
970 1013 1088 1102 pariter
1104 1011 1215 1080 studiis
1233 1012 1326 1080 docto

138 1158 176 1204 ac
197 1135 341 1202 moribus
362 1133 462 1225 probo
485 1145 555 1200 tum
579 1132 708 1200 demum
731 1134 908 1224 permiserit
934 1133 1104 1224 Augustini
1126 1135 1327 1201 collationem

138 1257 322 1334 instituere,
346 1255 438 1321 cuius
457 1251 746 1328 commentationes
766 1276 860 1344 super
878 1255 1017 1321 Psalmos
1032 1255 1154 1322 laciniis
1174 1255 1327 1322 Tullianis

137 1377 177 1446 de
213 1378 261 1444 Re
297 1376 429 1443 Publica
452 1376 682 1466 suprascriptae
704 1388 799 1456 sunt,
829 1389 997 1468 postquam
1017 1379 1089 1444 iure
1111 1376 1245 1443 iurando
1268 1376 1328 1443 sibi

138 1499 230 1566 illum
250 1497 482 1576 obstrinxisset,
509 1509 545 1563 ut
568 1495 782 1590 Augustinum
794 1497 913 1587 legeret
924 1498 1172 1586 varietatemque
1183 1497 1327 1563 lectionis

138 1619 323 1697 adnotaret,
355 1617 410 1686 sed
432 1641 473 1684 ne
496 1616 635 1684 litteram
656 1615 786 1705 quidem
818 1614 996 1697 Ciceronis,
1029 1619 1085 1707 qui
1107 1640 1193 1684 nunc
1216 1617 1327 1684 saltem

138 1763 202 1808 non
226 1739 362 1830 amplius
384 1738 483 1817 latet,
508 1736 702 1827 adspiceret3
729 1749 826 1827 atqua
844 1738 906 1805 hoc
929 1740 1049 1805 iactum
1071 1752 1135 1817 est,
1159 1751 1327 1830 postquam

119 1862 240 1929 ‘Maius
270 1883 361 1927 curas
383 1858 536 1927 secundas
560 1856 709 1924 adhunc
733 1856 884 1926 Godicem
907 1859 1109 1938 adhibuerat,
1141 1883 1204 1949 qua
1235 1883 1327 1950 repe-

139 1983 195 2049 tita
218 1981 354 2049 lectione
378 2000 589 2069 quaecunque
611 1979 699 2045 cerni
723 1980 862 2068 possint,
895 1981 964 2047 iure
987 2003 1044 2047 suo
1068 1981 1108 2046 ad
1130 1980 1325 2048 emandatio-

139 2127 205 2172 rem
228 2101 400 2168 editionem
424 2099 575 2166 adhibere
598 2098 772 2179 debuerat,
797 2101 921 2190 opinor.

186 2225 275 2309 Quae
298 2242 399 2310 qutun
419 2221 463 2287 ita
486 2220 568 2297 sint,
601 2242 666 2285 non
688 2220 807 2287 mirum
830 2219 936 2310 quod,
960 2221 1080 2288 Romae
1103 2244 1205 2311 quum
1227 2232 1327 2289 essem

141 2366 223 2410 anno
252 2341 433 2431 superiore,
463 2353 497 2407 et
527 2364 600 2408 cum
629 2341 748 2421 doctis,
782 2343 838 2432 qui
860 2341 906 2408 ibi
930 2354 1108 2420 versantur,
1138 2341 1178 2409 de
1208 2345 1327 2410 meritis

141 2464 254 2556 Angeli
289 2462 365 2529 Maii
400 2485 547 2552 agerem,
583 2484 684 2529 unum
720 2486 756 2530 er
786 2463 847 2528 illis
877 2464 912 2529 iu
942 2485 1094 2553 magnrun
1128 2463 1326 2554 philologum

114 2583 399 2676 ¹philosophorum
422 2581 504 2648 illud
528 2581 701 2649 audiverim
725 2595 961 2672 retorquentem
984 2597 1151 2652 «mortam
1173 2609 1238 2650 non
1261 2608 1327 2652 esse

139 2704 297 2770 malum.»
347 2703 439 2789 Quod
462 2701 598 2769 invidiae
621 2726 661 2770 ne
684 2703 848 2783 tribuatis,
880 2728 955 2771 nam
978 2718 1063 2772 totus
1089 2718 1156 2772 erat
1185 2705 1258 2786 ille,
1291 2719 1327 2772 ut

140 2827 190 2893 isti
225 2825 349 2904 solent,
385 2825 419 2890 in
454 2823 652 2891 celebrandis
674 2824 822 2890 laudibus
846 2825 921 2891 civis
945 2825 1012 2904 sui,
1036 2824 1092 2914 qui
1115 2848 1150 2891 re
1175 2849 1248 2892 vera
1272 2826 1327 2892 Bi·

139 2946 316 3013 bliothecae
356 2945 530 3012 Vaticanae
560 2946 621 3010 fuit
652 2959 858 3026 ornamento,
898 2969 979 3036 quae
1010 2945 1142 3036 dignum
1171 2946 1327 3015 desiderat

140 3066 244 3134 adhuc
268 3089 490 3133 successorem.
539 3067 659 3135 Verum
682 3067 744 3135 hoc
767 3069 827 3134 sibi
850 3067 995 3148 solebat,
1019 3091 1084 3134 non
1107 3070 1242 3161 amplius
1265 3073 1327 3137 im·

140 3188 260 3278 pediti,
293 3188 463 3276 quominus
497 3200 618 3254 nostras
653 3211 780 3278 quoque
813 3210 904 3255 curas
935 3189 975 3255 ad
1006 3190 1083 3257 Maii
1118 3188 1327 3259 collectiones
1427 3271 1434 3283 1

141 3306 352 3375 emendandas
387 3306 612 3387 adhibeamus,
645 3307 730 3397 quod
761 3333 802 3375 ne
832 3331 900 3376 sero
924 3310 1015 3376 lieret
1037 3311 1072 3376 iu
1094 3310 1182 3376 libris
1212 3314 1327 3402 palim-

141 3431 249 3519 psestis
275 3427 446 3496 verendum
469 3441 548 3495 erat.
573 3429 612 3495 In
635 3429 748 3519 vulgus
767 3431 853 3497 enim
865 3442 977 3497 notum
989 3444 1036 3498 est
1047 3433 1246 3499 membranas
1257 3434 1327 3500 illas

142 3549 287 3616 nonnihil
313 3574 379 3617 esse
404 3574 544 3624 corrosas
566 3549 718 3638 chymicis
741 3552 827 3631 istis,
853 3576 935 3641 quae
958 3555 991 3618 in
1015 3566 1227 3620 atramentum
1250 3556 1327 3621 olim

142 3669 287 3736 ablutum
324 3693 513 3761 erasumque
543 3684 579 3738 ut
608 3671 691 3739 bene
727 3686 875 3762 agerent,
910 3674 992 3741 iusto
1027 3675 1201 3742 acerbiores
1232 3677 1327 3742 fuisse

141 3790 312 3871 dicuntur3
339 3791 480 3857 attamen
506 3791 577 3857 talis
600 3815 710 3860 eorum
733 3806 780 3858 est
802 3806 934 3873 natura,
960 3807 995 3860 ut
1018 3795 1146 3861 chartae
1169 3796 1231 3889 sipt
1253 3820 1326 3886 per-

141 3913 282 3991 niciosa,
306 3912 332 3976 si
355 3910 395 3976 ad
419 3911 524 3978 lucem
548 3927 695 3980 revocant
719 3914 907 4004 scripturam
931 3914 1082 3982 ablutam.
1125 3917 1181 3982 Est
1205 3917 1266 3985 hoc
1289 3942 1326 3986 eo

142 4034 240 4123 magis
269 4030 461 4112 dolendum,
494 4033 637 4148 quoqm
661 4035 768 4102 multis
791 4036 874 4102 foliis
905 4037 1059 4126 scriptura
1083 4037 1214 4104 evanida
1244 4040 1328 4107 facta

144 4155 181 4222 sit
205 4165 382 4220 atramento
401 4177 459 4244 per
481 4155 578 4220 totius
596 4156 802 4223 membranae
821 4157 1020 4247 superficiem
1043 4156 1200 4248 disperso,
1225 4171 1261 4225 ut
1283 4161 1327 4225 ita

143 4275 266 4355 dicam,
315 4297 397 4363 quae
438 4276 547 4364 itaque
578 4275 731 4364 chymieis
765 4279 855 4366 peius
890 4278 1084 4344 afficiuntur.
1132 4277 1200 4344 Nec
1224 4270 1328 4348 ‘facile

143 4397 217 4464 huic
248 4397 323 4462 vitio
356 4395 531 4463 remedium
555 4397 752 4477 invenietur,
786 4401 875 4488 atqui
899 4399 1086 4490 quantocius
1110 4397 1329 4469 huiuscemodi

143 4518 216 4584 libri
238 4519 332 4585 lectio
352 4518 543 4584 conferatur.
592 4517 645 4585 Sic
668 4520 753 4584 enirn
782 4519 852 4587 Gaii
872 4520 968 4588 codex
990 4532 1060 4610 post
1078 4518 1173 4587 breve
1192 4525 1328 4612 spatium

145 4653 227 4705 totus
253 4653 298 4707 est
322 4642 498 4729 periturus,
523 4642 567 4706 sie
588 4639 759 4708 Vaticanus
782 4641 881 4722 liber,
904 4645 960 4733 qui
980 4641 1208 4732 Polybiiatque
1222 4643 1330 4712 Dionis

1086 4768 1100 4817 1
1108 4764 1122 4795 h
