2946 5182
162 343 202 406 10
537 360 656 408 crosno
681 361 724 408 ua
748 362 790 409 ns
815 361 968 410 ruacsca.

156 542 276 621 puncto
307 545 417 598 omata
448 531 506 612 sit,
545 556 627 623 quae
657 534 724 600 sine
755 532 821 597 ullo
853 531 991 598 Tulliani
1022 532 1123 621 operis
1153 530 1348 599 detrimento

157 650 332 742 spernenda
356 676 422 719 esse
445 654 613 722 contendo.

202 771 285 840 Sunt
321 773 436 863 quibus
471 774 531 841 alia
567 776 646 842 ratio
680 776 805 866 placet,
841 787 873 842 et
904 798 945 842 ne
975 773 1163 841 levissimam
1192 773 1345 841 lineolam

157 894 318 982 apicemre
340 893 565 984 negligendum
588 896 747 976 clamant,
772 895 890 987 quippe
913 910 995 985 quaa
1014 894 1053 960 ad
1074 894 1246 985 genuinam
1264 917 1345 962 auc·

156 1015 232 1081 toris
254 1037 385 1082 manum
405 1017 528 1106 saepius
547 1015 762 1106 perduxerint.
811 1015 880 1083 Neo
899 1016 1074 1105 obloquor,
1098 1027 1131 1081 at
1150 1037 1224 1081 oum
1243 1038 1345 1106 grano

156 1135 227 1201 salis
250 1158 350 1225 quum
372 1136 474 1201 omnis
494 1136 621 1202 collatio
644 1136 837 1204 instituenda
859 1149 926 1217 est,
950 1148 1020 1203 tum
1043 1137 1227 1225 praesertim
1246 1135 1344 1203 buius

154 1255 195 1322 de
217 1277 281 1345 quo
305 1255 426 1344 agimus
451 1255 538 1321 unici
560 1255 745 1348 depositoris
767 1256 922 1323 librorum
941 1256 981 1323 de
1000 1256 1048 1323 lle
1068 1255 1210 1321 Publica.
1249 1254 1343 1324 Atta·

153 1400 227 1443 men
259 1388 332 1443 sunt
361 1376 480 1457 multa,
510 1377 626 1467 quibus
649 1390 817 1469 apparatus
838 1378 968 1444 criticus
990 1398 1098 1443 carere
1119 1388 1224 1466 potest
1243 1388 1344 1466 atque

153 1497 267 1576 debet,
292 1498 376 1563 inter
398 1518 480 1585 quae
498 1507 567 1563 tum
586 1510 706 1588 puncta
717 1547 726 1578 ,
746 1496 787 1563 de
807 1497 922 1588 quibus
940 1497 1105 1577 dicebam,
1127 1497 1250 1576 refero,
1270 1510 1343 1564 tum

152 1620 315 1709 ingentem
348 1617 536 1685 lineolarum
570 1619 761 1710 apicumque
791 1641 982 1699 numerum,
1018 1641 1154 1708 quarum
1185 1620 1343 1687 rationem

152 1739 261 1807 sedulo
284 1740 329 1805 sic
351 1738 468 1819 habui,
493 1752 529 1806 ut
552 1762 604 1807 eas
626 1739 667 1808 de
689 1741 849 1833 proposito
867 1739 983 1807 nullibi
1000 1739 1230 1830 adscripserim.
1256 1740 1342 1808 Sunt

152 1885 267 1952 nempe
289 1861 433 1928 maculae
456 1860 503 1928 nil
526 1861 632 1942 aliud,
656 1863 715 1929 ista
739 1863 845 1928 omnia
868 1873 988 1952 puncta
1000 1861 1064 1929 sire
1075 1860 1207 1929 lineolas
1218 1862 1338 1943 maris,

151 1984 267 2074 passim
301 1983 478 2051 litterarum
513 1983 652 2073 speciem
684 2006 762 2074 prae
794 2005 827 2050 se
857 1982 993 2050 ferentes
1024 1994 1080 2048 aut
1109 1981 1339 2051 emendationis

150 2104 316 2194 vestigium
340 2103 579 2197 redarguentes,
604 2102 659 2170 sed
678 2103 726 2170 nil
744 2103 919 2194 quidquam
937 2124 1106 2169 commuue
1124 2101 1244 2170 habent
1263 2125 1339 2171 cum

150 2237 235 2292 terto
259 2224 405 2290 Tulliano
424 2246 529 2315 neque
548 2246 622 2291 cum
635 2224 826 2316 Augustin03
847 2246 1049 2290 communem
1068 2224 1224 2313 originem
1242 2247 1280 2291 ex
1298 2248 1338 2294 eo

150 2357 329 2426 traxerunt,
366 2345 451 2436 quod
485 2345 632 2412 librarius
667 2345 723 2435 qui
753 2342 1043 2412 commentationes
1072 2367 1167 2434 super
1197 2344 1338 2412 Psalmos

149 2466 360 2547 describeret,
385 2468 467 2533 iusto
489 2466 582 2534 citius
605 2464 680 2532 lolia
699 2477 835 2533 verteret
854 2478 1031 2533 atramento
1051 2465 1182 2532 ultimae
1200 2467 1338 2556 paginae

149 2588 214 2654 imo
237 2587 286 2654 rel
308 2587 526 2678 praecedentis
548 2587 691 2655 nondum
714 2587 775 2655 rito
797 2588 928 2669 siccat03
954 2587 1043 2676 atqui
1067 2586 1244 2653 carendum
1267 2602 1335 2670 est,

148 2732 189 2777 ne
212 2709 268 2775 ubi
290 2710 367 2776 istae
390 2709 535 2776 maculae
557 2721 729 2777 occurrunt
751 2708 955 2776 interlineas
980 2707 1165 2789 Tullianus,
1189 2731 1247 2799 pro
1269 2732 1336 2777 una

148 2831 285 2898 alterare
313 2830 470 2899 secundae
499 2854 612 2898 manus
641 2830 747 2897 littera
774 2841 914 2896 correcta
936 2827 1112 2910 habeatur,
1136 2853 1211 2897 nam
1237 2829 1335 2897 Com·

147 2954 379 3019 mentationum
401 2974 549 3019 mensura
572 2952 731 3042 conspirat
749 2972 824 3016 cum
843 2950 1026 3017 correctoris
1045 2952 1212 3040 scriptura.
1251 2951 1335 3019 Tum

147 3095 184 3140 cx
214 3072 325 3138 cadem
356 3094 450 3138 causa
480 3096 614 3164 magnus
643 3073 775 3139 istarum
801 3070 931 3138 secessit
953 3093 1124 3151 numerus,
1145 3095 1224 3161 quas
1247 3094 1334 3140 cras-

146 3194 241 3260 siores
264 3206 296 3260 et
318 3194 475 3284 longiores
496 3195 598 3285 prima
621 3217 734 3260 manus
756 3193 816 3260 sibi
834 3191 1022 3272 vindicaret3
1043 3191 1097 3258 sed
1116 3192 1215 3260 nolite
1233 3193 1334 3260 libra-

146 3316 193 3383 rio
223 3316 326 3382 aliena
357 3315 544 3396 obtrudere,
575 3338 650 3382 nam
681 3316 826 3405 chymioa
845 3313 879 3382 in
903 3313 1034 3405 quodvis
1057 3312 1134 3381 olim
1154 3326 1333 3383 atramento

146 3450 331 3529 coopertum
365 3438 480 3518 fuerit,
513 3438 673 3528 reagentia
703 3437 737 3503 in
768 3437 874 3504 lucem
898 3446 1086 3504 revocarunt
1110 3434 1191 3502 bene
1213 3436 1332 3503 multas

144 3562 303 3642 maculas,
340 3584 418 3653 quas
451 3562 526 3628 folia
563 3560 707 3626 Tulliana
740 3558 800 3625 sibi
833 3558 968 3625 invicem
1000 3559 1330 3639 communicaverant,

144 3703 244 3771 quum
264 3683 304 3749 ad
323 3683 493 3774 Augustini
513 3680 784 3750 commentarium
801 3678 1066 3747 conscribendum
1081 3677 1217 3768 deligata
1233 3691 1331 3769 atque

143 3826 225 3893 aqua
248 3826 351 3870 mersa
373 3803 510 3872 necdum
535 3803 642 3869 abluta
664 3802 849 3870 humectato
869 3812 1045 3868 atramento
1069 3799 1217 3866 Tulliano
1240 3822 1329 3866 com·

140 3936 336 4014 ponerentur
387 3925 509 3992 incerto
560 3923 697 4015 quodam
740 3922 873 4002 ordine,
918 3945 994 3988 nam
1032 3942 1098 3986 non
1136 3920 1328 4010 respondent

141 4045 306 4125 maculae,
338 4066 417 4134 quas
448 4068 535 4112 nunc
565 4046 653 4126 volo,
686 4057 808 4113 vetusto
838 4042 942 4142 ordini
968 4063 1028 4108 neo
1057 4062 1131 4107 roro
1154 4043 1325 4131 praesenti.

140 4163 238 4233 Cuius
261 4167 307 4233 rei
329 4187 457 4233 oausam
476 4190 577 4257 quum
595 4166 738 4233 nondum
756 4178 955 4257 perspectam
972 4162 1143 4242 haberem,
1164 4185 1245 4230 rana
1257 4187 1327 4254 spes

140 4288 251 4354 tertiae
274 4285 438 4352 cuiusdam
462 4287 635 4378 scripturae
657 4311 709 4355 me
732 4288 855 4367 tenuit,
880 4284 933 4352 sed
952 4304 1024 4350 mox
1043 4284 1175 4350 meliora
1195 4283 1326 4351 edoctus

140 4409 246 4474 omnia
279 4410 355 4489 ista,
389 4430 470 4499 quae
509 4420 596 4476 certo
634 4408 772 4499 quodam
802 4406 983 4474 discrimine
1005 4404 1246 4496 dignoscantur,
1275 4430 1325 4473 se·

139 4527 296 4597 cernenda
326 4554 392 4598 esse
415 4530 490 4596 duri
514 4554 531 4595 a
557 4528 720 4597 Tullianae
739 4529 883 4598 lectionis
906 4527 1076 4593 Varietate.
1126 4527 1227 4593 Maius
1251 4529 1324 4617 qui·

138 4649 271 4718 busdam
288 4650 365 4717 locis
377 4650 435 4718 sibi
447 4651 568 4742 imponi
580 4675 688 4743 passus
700 4664 745 4719 est
757 4652 823 4718 istis
834 4648 985 4727 maculis,
1004 4660 1040 4714 ut
1052 4647 1132 4713 iufra
1146 4648 1321 4717 ostendam.
