<?xml version="1.0" encoding="UTF-8"?>
<!DOCTYPE html PUBLIC "-//W3C//DTD XHTML 1.0 Transitional//EN"
    "http://www.w3.org/TR/xhtml1/DTD/xhtml1-transitional.dtd">
<html xmlns="http://www.w3.org/1999/xhtml" xml:lang="en" lang="en">
 <head>
  <title>
</title>
<meta http-equiv="Content-Type" content="text/html;charset=utf-8" />
  <meta name='ocr-system' content='tesseract 3.04.00' />
  <meta name='ocr-capabilities' content='ocr_page ocr_carea ocr_par ocr_line ocrx_word'/>
</head>
<body>
  <div class='ocr_page' id='page_1' title='image "./schedaevaticana01rieugoog_0201.png"; bbox 0 0 2946 5182; ppageno 0'>
   <div class='ocr_carea' id='block_1_1' title="bbox 155 351 864 413">
    <p class='ocr_par' dir='ltr' id='par_1_1' title="bbox 155 351 864 413">
     <span class='ocr_line' id='line_1_1' title="bbox 155 351 864 413; baseline -0.001 -1"><span class='ocrx_word' id='word_1_1' title='bbox 155 351 217 413; x_wconf 76' lang='lat'><strong>182</strong></span> <span class='ocrx_word' id='word_1_2' title='bbox 624 365 733 413; x_wconf 85' lang='lat' dir='ltr'><strong>ramus</strong></span> <span class='ocrx_word' id='word_1_3' title='bbox 758 365 864 412; x_wconf 76' lang='lat' dir='ltr'><strong>rums.</strong></span> 
     </span>
    </p>
   </div>
   <div class='ocr_carea' id='block_1_2' title="bbox 146 532 1338 1592">
    <p class='ocr_par' dir='ltr' id='par_1_2' title="bbox 146 532 1338 1592">
     <span class='ocr_line' id='line_1_2' title="bbox 150 532 1338 626; baseline -0.001 -27"><span class='ocrx_word' id='word_1_4' title='bbox 150 533 245 600; x_wconf 87' lang='lat' dir='ltr'><strong>fidiae</strong></span> <span class='ocrx_word' id='word_1_5' title='bbox 275 534 418 625; x_wconf 81' lang='lat' dir='ltr'><strong>exemplo</strong></span> <span class='ocrx_word' id='word_1_6' title='bbox 450 538 469 599; x_wconf 85' lang='lat'>2</span> <span class='ocrx_word' id='word_1_7' title='bbox 502 532 579 626; x_wconf 79' lang='lat' dir='ltr'><strong>Gap.</strong></span> <span class='ocrx_word' id='word_1_8' title='bbox 613 539 651 602; x_wconf 88' lang='lat'><strong>6:</strong></span> <span class='ocrx_word' id='word_1_9' title='bbox 698 534 791 602; x_wconf 78' lang='lat' dir='ltr'><strong>«Gn.</strong></span> <span class='ocrx_word' id='word_1_10' title='bbox 825 533 979 600; x_wconf 74' lang='lat' dir='ltr'><strong>Domitius</strong></span> <span class='ocrx_word' id='word_1_11' title='bbox 1001 535 1099 600; x_wconf 88' lang='lat' dir='ltr'><strong>iratus</strong></span> <span class='ocrx_word' id='word_1_12' title='bbox 1123 534 1246 599; x_wconf 83' lang='lat' dir='ltr'><strong>Bituito</strong></span> <span class='ocrx_word' id='word_1_13' title='bbox 1270 533 1338 622; x_wconf 81' lang='lat' dir='ltr'><strong>regi</strong></span> 
     </span>
     <span class='ocr_line' id='line_1_3' title="bbox 150 654 1338 746; baseline -0.001 -26"><span class='ocrx_word' id='word_1_14' title='bbox 150 654 383 734; x_wconf 79' lang='lat' dir='ltr'><strong>Arvernorum,</strong></span> <span class='ocrx_word' id='word_1_15' title='bbox 410 680 467 746; x_wconf 91' lang='lat' dir='ltr'><strong>per</strong></span> <span class='ocrx_word' id='word_1_16' title='bbox 490 656 650 745; x_wconf 83' lang='lat' dir='ltr'><strong>conloquii</strong></span> <span class='ocrx_word' id='word_1_17' title='bbox 673 657 905 723; x_wconf 78' lang='lat' dir='ltr'><strong>simulationem</strong></span> <span class='ocrx_word' id='word_1_18' title='bbox 929 657 1110 721; x_wconf 87' lang='lat' dir='ltr'><strong>arcessitum</strong></span> <span class='ocrx_word' id='word_1_19' title='bbox 1133 654 1338 744; x_wconf 90' lang='lat' dir='ltr'><strong>hospitioque</strong></span> 
     </span>
     <span class='ocr_line' id='line_1_4' title="bbox 148 775 1337 867; baseline 0.001 -27"><span class='ocrx_word' id='word_1_20' title='bbox 148 787 314 864; x_wconf 82' lang='lat' dir='ltr'><strong>exceptum</strong></span> <span class='ocrx_word' id='word_1_21' title='bbox 336 777 434 842; x_wconf 86' lang='lat' dir='ltr'><strong>rinrit</strong></span> <span class='ocrx_word' id='word_1_22' title='bbox 458 800 494 842; x_wconf 91' lang='lat' dir='ltr'><strong>ac</strong></span> <span class='ocrx_word' id='word_1_23' title='bbox 518 777 650 842; x_wconf 82' lang='lat' dir='ltr'><strong>Romam</strong></span> <span class='ocrx_word' id='word_1_24' title='bbox 679 778 793 867; x_wconf 81' lang='lat' dir='ltr'><strong>[nave]</strong></span> <span class='ocrx_word' id='word_1_25' title='bbox 821 777 1048 867; x_wconf 90' lang='lat' dir='ltr'><strong>deportandum</strong></span> <span class='ocrx_word' id='word_1_26' title='bbox 1071 777 1231 842; x_wconf 80' lang='lat' dir='ltr'><strong>curarit.»</strong></span> <span class='ocrx_word' id='word_1_27' title='bbox 1267 775 1337 841; x_wconf 87' lang='lat' dir='ltr'><strong>Nec</strong></span> 
     </span>
     <span class='ocr_line' id='line_1_5' title="bbox 149 894 1336 988; baseline 0 -28"><span class='ocrx_word' id='word_1_28' title='bbox 149 894 244 961; x_wconf 87' lang='lat' dir='ltr'><strong>fidem</strong></span> <span class='ocrx_word' id='word_1_29' title='bbox 274 898 430 985; x_wconf 90' lang='lat' dir='ltr'><strong>praestitit</strong></span> <span class='ocrx_word' id='word_1_30' title='bbox 456 897 557 963; x_wconf 83' lang='lat' dir='ltr'><strong>editor</strong></span> <span class='ocrx_word' id='word_1_31' title='bbox 579 921 612 964; x_wconf 92' lang='lat' dir='ltr'><strong>se</strong></span> <span class='ocrx_word' id='word_1_32' title='bbox 637 921 745 964; x_wconf 88' lang='lat' dir='ltr'><strong>omnes</strong></span> <span class='ocrx_word' id='word_1_33' title='bbox 765 900 838 963; x_wconf 90' lang='lat' dir='ltr'><strong>istas</strong></span> <span class='ocrx_word' id='word_1_34' title='bbox 862 897 1118 988; x_wconf 76' lang='lat' dir='ltr'><strong>interpolationes</strong></span> <span class='ocrx_word' id='word_1_35' title='bbox 1141 896 1336 987; x_wconf 89' lang='lat' dir='ltr'><strong>praemissu·</strong></span> 
     </span>
     <span class='ocr_line' id='line_1_6' title="bbox 148 1016 1336 1109; baseline -0.001 -27"><span class='ocrx_word' id='word_1_36' title='bbox 148 1040 218 1082; x_wconf 91' lang='lat' dir='ltr'><strong>rum</strong></span> <span class='ocrx_word' id='word_1_37' title='bbox 247 1018 426 1107; x_wconf 88' lang='lat' dir='ltr'><strong>pollicitus,</strong></span> <span class='ocrx_word' id='word_1_38' title='bbox 456 1042 530 1107; x_wconf 74' lang='lat' dir='ltr'><strong>pag.</strong></span> <span class='ocrx_word' id='word_1_39' title='bbox 564 1023 629 1098; x_wconf 86' lang='grc'><strong>80,</strong></span> <span class='ocrx_word' id='word_1_40' title='bbox 666 1019 750 1108; x_wconf 92' lang='lat' dir='ltr'><strong>quod</strong></span> <span class='ocrx_word' id='word_1_41' title='bbox 774 1016 848 1109; x_wconf 89' lang='lat' dir='ltr'><strong>Cep.</strong></span> <span class='ocrx_word' id='word_1_42' title='bbox 875 1023 893 1083; x_wconf 88' lang='grc'><strong>7</strong></span> <span class='ocrx_word' id='word_1_43' title='bbox 919 1016 942 1106; x_wconf 99' lang='grc'><strong>3</strong></span> <span class='ocrx_word' id='word_1_44' title='bbox 969 1025 989 1084; x_wconf 85' lang='grc'><strong>3</strong></span> <span class='ocrx_word' id='word_1_45' title='bbox 1012 1019 1167 1108; x_wconf 84' lang='lat' dir='ltr'><strong>receperit</strong></span> <span class='ocrx_word' id='word_1_46' title='bbox 1190 1018 1336 1106; x_wconf 90' lang='lat' dir='ltr'><strong>interpo-</strong></span> 
     </span>
     <span class='ocr_line' id='line_1_7' title="bbox 146 1137 1336 1229; baseline 0 -25"><span class='ocrx_word' id='word_1_47' title='bbox 146 1139 271 1205; x_wconf 87' lang='lat' dir='ltr'><strong>latoris:</strong></span> <span class='ocrx_word' id='word_1_48' title='bbox 309 1138 563 1229; x_wconf 82' lang='lat' dir='ltr'><strong>«Sempronium</strong></span> <span class='ocrx_word' id='word_1_49' title='bbox 588 1139 779 1206; x_wconf 76' lang='lat' dir='ltr'><strong>Asellionem</strong></span> <span class='ocrx_word' id='word_1_50' title='bbox 803 1139 988 1219; x_wconf 84' lang='lat' dir='ltr'><strong>creditores,</strong></span> <span class='ocrx_word' id='word_1_51' title='bbox 1014 1139 1098 1229; x_wconf 90' lang='lat' dir='ltr'><strong>quod</strong></span> <span class='ocrx_word' id='word_1_52' title='bbox 1122 1160 1252 1204; x_wconf 90' lang='lat' dir='ltr'><strong>causam</strong></span> <span class='ocrx_word' id='word_1_53' title='bbox 1278 1137 1336 1204; x_wconf 87' lang='lat' dir='ltr'><strong>de·</strong></span> 
     </span>
     <span class='ocr_line' id='line_1_8' title="bbox 146 1258 1335 1350; baseline -0.003 -26"><span class='ocrx_word' id='word_1_54' title='bbox 146 1260 284 1326; x_wconf 92' lang='lat' dir='ltr'><strong>bitorum</strong></span> <span class='ocrx_word' id='word_1_55' title='bbox 308 1272 506 1350; x_wconf 82' lang='lat' dir='ltr'><strong>susceperat,</strong></span> <span class='ocrx_word' id='word_1_56' title='bbox 538 1283 594 1350; x_wconf 92' lang='lat' dir='ltr'><strong>pro</strong></span> <span class='ocrx_word' id='word_1_57' title='bbox 618 1260 695 1326; x_wconf 89' lang='lat' dir='ltr'><strong>aede</strong></span> <span class='ocrx_word' id='word_1_58' title='bbox 720 1258 914 1327; x_wconf 78' lang='lat' dir='ltr'><strong>Concordiae</strong></span> <span class='ocrx_word' id='word_1_59' title='bbox 938 1261 1168 1326; x_wconf 83' lang='lat' dir='ltr'><strong>sacrificantem</strong></span> <span class='ocrx_word' id='word_1_60' title='bbox 1196 1259 1253 1347; x_wconf 83' lang='lat' dir='ltr'><strong>[ab</strong></span> <span class='ocrx_word' id='word_1_61' title='bbox 1280 1263 1335 1349; x_wconf 80' lang='lat' dir='ltr'><strong>ip-</strong></span> 
     </span>
     <span class='ocr_line' id='line_1_9' title="bbox 146 1379 1335 1471; baseline -0.001 -27"><span class='ocrx_word' id='word_1_62' title='bbox 146 1385 199 1446; x_wconf 80' lang='lat' dir='ltr'><strong>sis</strong></span> <span class='ocrx_word' id='word_1_63' title='bbox 229 1385 308 1445; x_wconf 81' lang='lat' dir='ltr'><strong>aris</strong></span> <span class='ocrx_word' id='word_1_64' title='bbox 331 1381 461 1470; x_wconf 79' lang='lat' dir='ltr'><strong>fugere</strong></span> <span class='ocrx_word' id='word_1_65' title='bbox 492 1383 678 1466; x_wconf 81' lang='lat' dir='ltr'><strong>coactum],</strong></span> <span class='ocrx_word' id='word_1_66' title='bbox 702 1382 736 1446; x_wconf 93' lang='lat' dir='ltr'><strong>in</strong></span> <span class='ocrx_word' id='word_1_67' title='bbox 760 1381 925 1447; x_wconf 87' lang='lat' dir='ltr'><strong>tabernula</strong></span> <span class='ocrx_word' id='word_1_68' title='bbox 950 1404 1046 1470; x_wconf 91' lang='lat' dir='ltr'><strong>quam</strong></span> <span class='ocrx_word' id='word_1_69' title='bbox 1068 1382 1202 1471; x_wconf 89' lang='lat' dir='ltr'><strong>petierat</strong></span> <span class='ocrx_word' id='word_1_70' title='bbox 1232 1379 1335 1466; x_wconf 78' lang='lat' dir='ltr'><strong>[tati-</strong></span> 
     </span>
     <span class='ocr_line' id='line_1_10' title="bbox 147 1501 1334 1592; baseline 0 -27"><span class='ocrx_word' id='word_1_71' title='bbox 147 1502 315 1589; x_wconf 81' lang='lat' dir='ltr'><strong>tcntem],</strong></span> <span class='ocrx_word' id='word_1_72' title='bbox 339 1503 609 1592; x_wconf 86' lang='lat' dir='ltr'><strong>discerpserunt.»</strong></span> <span class='ocrx_word' id='word_1_73' title='bbox 656 1501 761 1567; x_wconf 87' lang='lat' dir='ltr'><strong>Prima</strong></span> <span class='ocrx_word' id='word_1_74' title='bbox 784 1525 896 1568; x_wconf 91' lang='lat' dir='ltr'><strong>manus</strong></span> <span class='ocrx_word' id='word_1_75' title='bbox 919 1526 976 1592; x_wconf 91' lang='lat' dir='ltr'><strong>pro</strong></span> <span class='ocrx_word' id='word_1_76' title='bbox 1000 1503 1065 1568; x_wconf 89' lang='lat' dir='ltr'><strong>istis</strong></span> <span class='ocrx_word' id='word_1_77' title='bbox 1091 1502 1210 1567; x_wconf 81' lang='lat' dir='ltr'><strong>Valerii</strong></span> <span class='ocrx_word' id='word_1_78' title='bbox 1233 1502 1334 1590; x_wconf 89' lang='lat' dir='ltr'><strong>scrip·</strong></span> 
     </span>
    </p>
   </div>
   <div class='ocr_carea' id='block_1_3' title="bbox 38 1618 1334 1713">
    <p class='ocr_par' dir='ltr' id='par_1_3' title="bbox 38 1618 1334 1713">
     <span class='ocr_line' id='line_1_11' title="bbox 38 1618 1334 1713; baseline 0 -27"><span class='ocrx_word' id='word_1_79' title='bbox 38 1618 41 1625; x_wconf 70' lang='grc'><strong><em>’</em></strong></span> <span class='ocrx_word' id='word_1_80' title='bbox 145 1635 226 1687; x_wconf 85' lang='lat' dir='ltr'><strong>serat</strong></span> <span class='ocrx_word' id='word_1_81' title='bbox 249 1646 349 1688; x_wconf 92' lang='lat' dir='ltr'><strong>unum</strong></span> <span class='ocrx_word' id='word_1_82' title='bbox 373 1625 492 1689; x_wconf 90' lang='lat' dir='ltr'><strong>Paridis</strong></span> <span class='ocrx_word' id='word_1_83' title='bbox 504 1623 635 1689; x_wconf 79' lang='lat' dir='ltr'><strong>verbum</strong></span> <span class='ocrx_word' id='word_1_84' title='bbox 651 1624 766 1713; x_wconf 78' lang='lat' dir='ltr'><strong>fuga,</strong></span> <span class='ocrx_word' id='word_1_85' title='bbox 791 1646 849 1688; x_wconf 88' lang='lat' dir='ltr'><strong>nec</strong></span> <span class='ocrx_word' id='word_1_86' title='bbox 869 1623 998 1688; x_wconf 86' lang='lat' dir='ltr'><strong>dederat</strong></span> <span class='ocrx_word' id='word_1_87' title='bbox 1016 1624 1241 1712; x_wconf 89' lang='lat' dir='ltr'><strong>participium,</strong></span> <span class='ocrx_word' id='word_1_88' title='bbox 1269 1644 1334 1710; x_wconf 92' lang='lat' dir='ltr'><strong>quo</strong></span> 
     </span>
    </p>
   </div>
   <div class='ocr_carea' id='block_1_4' title="bbox 144 1743 1335 2315">
    <p class='ocr_par' dir='ltr' id='par_1_4' title="bbox 144 1743 1335 2315">
     <span class='ocr_line' id='line_1_12' title="bbox 145 1743 1335 1834; baseline -0.001 -27"><span class='ocrx_word' id='word_1_89' title='bbox 145 1765 251 1809; x_wconf 90' lang='lat' dir='ltr'><strong>carere</strong></span> <span class='ocrx_word' id='word_1_90' title='bbox 276 1768 440 1834; x_wconf 90' lang='lat' dir='ltr'><strong>possumus</strong></span> <span class='ocrx_word' id='word_1_91' title='bbox 471 1747 504 1810; x_wconf 93' lang='lat' dir='ltr'><strong>in</strong></span> <span class='ocrx_word' id='word_1_92' title='bbox 535 1746 684 1834; x_wconf 88' lang='lat' dir='ltr'><strong>epitoma.</strong></span> <span class='ocrx_word' id='word_1_93' title='bbox 734 1745 831 1810; x_wconf 84' lang='lat' dir='ltr'><strong>Recte</strong></span> <span class='ocrx_word' id='word_1_94' title='bbox 862 1745 991 1809; x_wconf 92' lang='lat' dir='ltr'><strong>omnino</strong></span> <span class='ocrx_word' id='word_1_95' title='bbox 1023 1745 1123 1810; x_wconf 87' lang='lat' dir='ltr'><strong>Maius</strong></span> <span class='ocrx_word' id='word_1_96' title='bbox 1154 1743 1335 1833; x_wconf 91' lang='lat' dir='ltr'><strong>spernenda</strong></span> 
     </span>
     <span class='ocr_line' id='line_1_13' title="bbox 144 1863 1334 1955; baseline 0 -26"><span class='ocrx_word' id='word_1_97' title='bbox 144 1864 354 1932; x_wconf 86' lang='lat' dir='ltr'><strong>contendebat</strong></span> <span class='ocrx_word' id='word_1_98' title='bbox 384 1866 602 1955; x_wconf 90' lang='lat' dir='ltr'><strong>supplementa</strong></span> <span class='ocrx_word' id='word_1_99' title='bbox 632 1867 720 1930; x_wconf 88' lang='lat' dir='ltr'><strong>istius</strong></span> <span class='ocrx_word' id='word_1_100' title='bbox 742 1865 898 1942; x_wconf 89' lang='lat' dir='ltr'><strong>hominis,</strong></span> <span class='ocrx_word' id='word_1_101' title='bbox 924 1865 980 1953; x_wconf 82' lang='lat' dir='ltr'><strong>qui</strong></span> <span class='ocrx_word' id='word_1_102' title='bbox 1001 1864 1084 1930; x_wconf 86' lang='lat' dir='ltr'><strong>male</strong></span> <span class='ocrx_word' id='word_1_103' title='bbox 1108 1863 1209 1930; x_wconf 88' lang='lat' dir='ltr'><strong>seduli</strong></span> <span class='ocrx_word' id='word_1_104' title='bbox 1233 1865 1334 1931; x_wconf 89' lang='lat' dir='ltr'><strong>inter-</strong></span> 
     </span>
     <span class='ocr_line' id='line_1_14' title="bbox 144 1983 1330 2075; baseline 0 -26"><span class='ocrx_word' id='word_1_105' title='bbox 144 1985 293 2074; x_wconf 91' lang='lat' dir='ltr'><strong>polatoris</strong></span> <span class='ocrx_word' id='word_1_106' title='bbox 325 2009 457 2051; x_wconf 89' lang='lat' dir='ltr'><strong>munere</strong></span> <span class='ocrx_word' id='word_1_107' title='bbox 491 1985 568 2050; x_wconf 91' lang='lat' dir='ltr'><strong>dnm</strong></span> <span class='ocrx_word' id='word_1_108' title='bbox 596 1985 806 2074; x_wconf 77' lang='lat' dir='ltr'><strong>fungebatur,</strong></span> <span class='ocrx_word' id='word_1_109' title='bbox 832 1985 870 2049; x_wconf 91' lang='lat' dir='ltr'><strong>ad</strong></span> <span class='ocrx_word' id='word_1_110' title='bbox 895 1984 918 2073; x_wconf 99' lang='lat' dir='ltr'>S</span> <span class='ocrx_word' id='word_1_111' title='bbox 945 1990 964 2050; x_wconf 90' lang='lat'><strong>6</strong></span> <span class='ocrx_word' id='word_1_112' title='bbox 990 1983 1068 2075; x_wconf 80' lang='lat' dir='ltr'><strong>Gap.</strong></span> <span class='ocrx_word' id='word_1_113' title='bbox 1099 1990 1118 2050; x_wconf 91' lang='lat'><strong>7</strong></span> <span class='ocrx_word' id='word_1_114' title='bbox 1145 1985 1330 2074; x_wconf 90' lang='lat' dir='ltr'><strong>adscripsit:</strong></span> 
     </span>
     <span class='ocr_line' id='line_1_15' title="bbox 144 2105 1332 2194; baseline 0.005 -28"><span class='ocrx_word' id='word_1_115' title='bbox 144 2117 364 2194; x_wconf 85' lang='lat' dir='ltr'><strong>«tantumque</strong></span> <span class='ocrx_word' id='word_1_116' title='bbox 399 2105 499 2171; x_wconf 89' lang='lat' dir='ltr'><strong>scelus</strong></span> <span class='ocrx_word' id='word_1_117' title='bbox 535 2106 622 2170; x_wconf 86' lang='lat' dir='ltr'><strong>curia</strong></span> <span class='ocrx_word' id='word_1_118' title='bbox 654 2107 761 2170; x_wconf 87' lang='lat' dir='ltr'><strong>castris</strong></span> <span class='ocrx_word' id='word_1_119' title='bbox 797 2128 828 2170; x_wconf 89' lang='lat' dir='ltr'><strong>se</strong></span> <span class='ocrx_word' id='word_1_120' title='bbox 864 2105 974 2172; x_wconf 90' lang='lat' dir='ltr'><strong>cedere</strong></span> <span class='ocrx_word' id='word_1_121' title='bbox 1006 2106 1165 2184; x_wconf 82' lang='lat' dir='ltr'><strong>confessa,</strong></span> <span class='ocrx_word' id='word_1_122' title='bbox 1190 2106 1332 2172; x_wconf 90' lang='lat' dir='ltr'><strong>inultum</strong></span> 
     </span>
     <span class='ocr_line' id='line_1_16' title="bbox 145 2224 1329 2315; baseline 0.002 -26"><span class='ocrx_word' id='word_1_123' title='bbox 145 2224 303 2306; x_wconf 81' lang='lat' dir='ltr'><strong>habuit3»</strong></span> <span class='ocrx_word' id='word_1_124' title='bbox 328 2239 360 2291; x_wconf 92' lang='lat' dir='ltr'><strong>at</strong></span> <span class='ocrx_word' id='word_1_125' title='bbox 384 2239 457 2290; x_wconf 89' lang='lat' dir='ltr'><strong>sunt</strong></span> <span class='ocrx_word' id='word_1_126' title='bbox 480 2227 539 2291; x_wconf 87' lang='lat' dir='ltr'><strong>ista</strong></span> <span class='ocrx_word' id='word_1_127' title='bbox 562 2248 598 2292; x_wconf 84' lang='lat' dir='ltr'><strong>cr</strong></span> <span class='ocrx_word' id='word_1_128' title='bbox 621 2226 823 2315; x_wconf 86' lang='lat' dir='ltr'><strong>praecedenti</strong></span> <span class='ocrx_word' id='word_1_129' title='bbox 847 2229 865 2311; x_wconf 77' lang='lat' dir='ltr'>S</span> <span class='ocrx_word' id='word_1_130' title='bbox 885 2227 1003 2291; x_wconf 86' lang='lat' dir='ltr'><strong>Valerii</strong></span> <span class='ocrx_word' id='word_1_131' title='bbox 1022 2227 1044 2291; x_wconf 88' lang='lat' dir='ltr'><strong>i.</strong></span> <span class='ocrx_word' id='word_1_132' title='bbox 1068 2250 1098 2291; x_wconf 89' lang='lat' dir='ltr'><strong>e.</strong></span> <span class='ocrx_word' id='word_1_133' title='bbox 1117 2227 1182 2304; x_wconf 88' lang='lat' dir='ltr'><strong>IX,</strong></span> <span class='ocrx_word' id='word_1_134' title='bbox 1206 2230 1224 2290; x_wconf 89' lang='lat'><em>7</em></span> <span class='ocrx_word' id='word_1_135' title='bbox 1251 2224 1277 2314; x_wconf 88' lang='lat' dir='ltr'>S</span> <span class='ocrx_word' id='word_1_136' title='bbox 1298 2230 1329 2291; x_wconf 85' lang='lat'><strong>2.</strong></span> 
     </span>
    </p>
   </div>
   <div class='ocr_carea' id='block_1_5' title="bbox 143 2346 1331 2558">
    <p class='ocr_par' dir='ltr' id='par_1_5' title="bbox 143 2346 1331 2558">
     <span class='ocr_line' id='line_1_17' title="bbox 146 2346 1331 2438; baseline 0.001 -27"><span class='ocrx_word' id='word_1_137' title='bbox 146 2346 188 2411; x_wconf 75' lang='lat' dir='ltr'><strong>At</strong></span> <span class='ocrx_word' id='word_1_138' title='bbox 211 2370 274 2412; x_wconf 90' lang='lat' dir='ltr'><strong>non</strong></span> <span class='ocrx_word' id='word_1_139' title='bbox 299 2349 438 2414; x_wconf 90' lang='lat' dir='ltr'><strong>constitit</strong></span> <span class='ocrx_word' id='word_1_140' title='bbox 460 2346 520 2412; x_wconf 92' lang='lat' dir='ltr'><strong>sibi</strong></span> <span class='ocrx_word' id='word_1_141' title='bbox 542 2347 576 2412; x_wconf 91' lang='lat' dir='ltr'><strong>in</strong></span> <span class='ocrx_word' id='word_1_142' title='bbox 599 2361 719 2414; x_wconf 84' lang='lat' dir='ltr'><strong>textum</strong></span> <span class='ocrx_word' id='word_1_143' title='bbox 740 2349 894 2438; x_wconf 88' lang='lat' dir='ltr'><strong>recipiens</strong></span> <span class='ocrx_word' id='word_1_144' title='bbox 915 2348 1055 2415; x_wconf 91' lang='lat' dir='ltr'><strong>eiusdem</strong></span> <span class='ocrx_word' id='word_1_145' title='bbox 1079 2347 1331 2412; x_wconf 80' lang='lat' dir='ltr'><strong>additamentum</strong></span> 
     </span>
     <span class='ocr_line' id='line_1_18' title="bbox 143 2450 1331 2558; baseline 0 -26"><span class='ocrx_word' id='word_1_146' title='bbox 143 2468 176 2532; x_wconf 90' lang='lat' dir='ltr'><strong>in</strong></span> <span class='ocrx_word' id='word_1_147' title='bbox 211 2467 286 2558; x_wconf 84' lang='lat' dir='ltr'><strong>Cap.</strong></span> <span class='ocrx_word' id='word_1_148' title='bbox 325 2470 362 2533; x_wconf 93' lang='lat'><strong>11</strong></span> <span class='ocrx_word' id='word_1_149' title='bbox 402 2466 425 2557; x_wconf 91' lang='lat' dir='ltr'>S</span> <span class='ocrx_word' id='word_1_150' title='bbox 463 2473 503 2534; x_wconf 86' lang='lat'><strong>2:</strong></span> <span class='ocrx_word' id='word_1_151' title='bbox 553 2468 615 2535; x_wconf 83' lang='lat' dir='ltr'><strong>«C.</strong></span> <span class='ocrx_word' id='word_1_152' title='bbox 649 2469 789 2534; x_wconf 86' lang='lat' dir='ltr'><strong>Fimbria</strong></span> <span class='ocrx_word' id='word_1_153' title='bbox 819 2470 1027 2558; x_wconf 78' lang='lat' dir='ltr'><strong>interrogatus</strong></span> <span class='ocrx_word' id='word_1_154' title='bbox 1051 2467 1136 2557; x_wconf 91' lang='lat' dir='ltr'><strong>quod</strong></span> <span class='ocrx_word' id='word_1_155' title='bbox 1160 2450 1331 2534; x_wconf 79' lang='lat' dir='ltr'><strong>Scaevolae</strong></span> 
     </span>
    </p>
   </div>
   <div class='ocr_carea' id='block_1_6' title="bbox 61 2589 1329 3511">
    <p class='ocr_par' dir='ltr' id='par_1_6' title="bbox 61 2589 1329 3030">
     <span class='ocr_line' id='line_1_19' title="bbox 144 2589 1329 2680; baseline -0.001 -27"><span class='ocrx_word' id='word_1_156' title='bbox 144 2589 264 2654; x_wconf 89' lang='lat' dir='ltr'><strong>crimen</strong></span> <span class='ocrx_word' id='word_1_157' title='bbox 287 2589 467 2655; x_wconf 88' lang='lat' dir='ltr'><strong>obiecturus</strong></span> <span class='ocrx_word' id='word_1_158' title='bbox 490 2602 570 2656; x_wconf 89' lang='lat' dir='ltr'><strong>esset</strong></span> <span class='ocrx_word' id='word_1_159' title='bbox 592 2591 776 2669; x_wconf 87' lang='lat' dir='ltr'><strong>innocenti,</strong></span> <span class='ocrx_word' id='word_1_160' title='bbox 806 2590 878 2678; x_wconf 83' lang='lat' dir='ltr'><strong>[cui</strong></span> <span class='ocrx_word' id='word_1_161' title='bbox 890 2613 961 2680; x_wconf 77' lang='lat' dir='ltr'><strong>pro</strong></span> <span class='ocrx_word' id='word_1_162' title='bbox 985 2592 1176 2654; x_wconf 80' lang='lat' dir='ltr'><strong>securitate</strong></span> <span class='ocrx_word' id='word_1_163' title='bbox 1200 2607 1329 2653; x_wconf 82' lang='lat' dir='ltr'><strong>morum</strong></span> 
     </span>
     <span class='ocr_line' id='line_1_20' title="bbox 144 2708 1327 2800; baseline -0.002 -26"><span class='ocrx_word' id='word_1_164' title='bbox 144 2708 366 2798; x_wconf 75' lang='lat' dir='ltr'><strong>dignoscetis</strong></span> <span class='ocrx_word' id='word_1_165' title='bbox 387 2710 548 2775; x_wconf 79' lang='lat' dir='ltr'><strong>laudatio</strong></span> <span class='ocrx_word' id='word_1_166' title='bbox 572 2710 678 2775; x_wconf 82' lang='lat' dir='ltr'><strong>reddi</strong></span> <span class='ocrx_word' id='word_1_167' title='bbox 700 2733 766 2774; x_wconf 81' lang='lat' dir='ltr'><strong>nou</strong></span> <span class='ocrx_word' id='word_1_168' title='bbox 783 2713 945 2800; x_wconf 77' lang='lat' dir='ltr'><strong>posset],</strong></span> <span class='ocrx_word' id='word_1_169' title='bbox 969 2708 1031 2773; x_wconf 90' lang='lat' dir='ltr'><strong>hoc</strong></span> <span class='ocrx_word' id='word_1_170' title='bbox 1053 2708 1178 2796; x_wconf 91' lang='lat' dir='ltr'><strong>ipsum,</strong></span> <span class='ocrx_word' id='word_1_171' title='bbox 1203 2708 1327 2796; x_wconf 89' lang='lat' dir='ltr'><strong>inquit,</strong></span> 
     </span>
     <span class='ocr_line' id='line_1_21' title="bbox 61 2828 1328 2921; baseline -0.003 -25"><span class='ocrx_word' id='word_1_172' title='bbox 61 2848 62 2853; x_wconf 75' lang='grc'>’</span> <span class='ocrx_word' id='word_1_173' title='bbox 144 2831 228 2920; x_wconf 92' lang='lat' dir='ltr'><strong>qnod</strong></span> <span class='ocrx_word' id='word_1_174' title='bbox 262 2832 386 2920; x_wconf 91' lang='lat' dir='ltr'><strong>parcius</strong></span> <span class='ocrx_word' id='word_1_175' title='bbox 420 2851 551 2921; x_wconf 89' lang='lat' dir='ltr'><strong>corpore</strong></span> <span class='ocrx_word' id='word_1_176' title='bbox 584 2831 685 2896; x_wconf 88' lang='lat' dir='ltr'><strong>telum</strong></span> <span class='ocrx_word' id='word_1_177' title='bbox 709 2831 867 2919; x_wconf 84' lang='lat' dir='ltr'><strong>recepit3»</strong></span> <span class='ocrx_word' id='word_1_178' title='bbox 900 2828 1108 2894; x_wconf 82' lang='lat' dir='ltr'><strong>abbreviatori</strong></span> <span class='ocrx_word' id='word_1_179' title='bbox 1139 2829 1238 2894; x_wconf 89' lang='lat' dir='ltr'><strong>otiosa</strong></span> <span class='ocrx_word' id='word_1_180' title='bbox 1272 2830 1328 2893; x_wconf 87' lang='lat' dir='ltr'><strong>ista</strong></span> 
     </span>
     <span class='ocr_line' id='line_1_22' title="bbox 141 2950 811 3030; baseline -0.001 -14"><span class='ocrx_word' id='word_1_181' title='bbox 141 2952 348 3030; x_wconf 88' lang='lat' dir='ltr'><strong>ridebantur,</strong></span> <span class='ocrx_word' id='word_1_182' title='bbox 374 2953 426 3016; x_wconf 93' lang='lat' dir='ltr'><strong>cui</strong></span> <span class='ocrx_word' id='word_1_183' title='bbox 448 2950 546 3016; x_wconf 89' lang='lat' dir='ltr'><strong>nolite</strong></span> <span class='ocrx_word' id='word_1_184' title='bbox 570 2973 607 3016; x_wconf 91' lang='lat' dir='ltr'><strong>ea</strong></span> <span class='ocrx_word' id='word_1_185' title='bbox 631 2950 811 3016; x_wconf 90' lang='lat' dir='ltr'><strong>obtrudere.</strong></span> 
     </span>
    </p>

    <p class='ocr_par' dir='ltr' id='par_1_7' title="bbox 141 3069 1328 3511">
     <span class='ocr_line' id='line_1_23' title="bbox 186 3069 1326 3137; baseline -0.002 -1"><span class='ocrx_word' id='word_1_186' title='bbox 186 3072 353 3136; x_wconf 86' lang='lat' dir='ltr'><strong>Certarnnt</strong></span> <span class='ocrx_word' id='word_1_187' title='bbox 383 3070 517 3137; x_wconf 87' lang='lat' dir='ltr'><strong>editores</strong></span> <span class='ocrx_word' id='word_1_188' title='bbox 549 3069 808 3137; x_wconf 89' lang='lat' dir='ltr'><strong>conscenderitne</strong></span> <span class='ocrx_word' id='word_1_189' title='bbox 838 3071 872 3135; x_wconf 92' lang='lat' dir='ltr'><strong>in</strong></span> <span class='ocrx_word' id='word_1_190' title='bbox 896 3071 1100 3136; x_wconf 86' lang='lat' dir='ltr'><strong>Maeuianum</strong></span> <span class='ocrx_word' id='word_1_191' title='bbox 1124 3069 1158 3135; x_wconf 83' lang='lat' dir='ltr'><strong>C.</strong></span> <span class='ocrx_word' id='word_1_192' title='bbox 1186 3071 1326 3136; x_wconf 90' lang='lat' dir='ltr'><strong>Licinius</strong></span> 
     </span>
     <span class='ocr_line' id='line_1_24' title="bbox 142 3191 1326 3281; baseline -0.003 -23"><span class='ocrx_word' id='word_1_193' title='bbox 142 3192 250 3258; x_wconf 77' lang='lat' dir='ltr'><strong>Macer</strong></span> <span class='ocrx_word' id='word_1_194' title='bbox 267 3191 513 3281; x_wconf 88' lang='lat' dir='ltr'><strong>repetundarum</strong></span> <span class='ocrx_word' id='word_1_195' title='bbox 536 3215 626 3270; x_wconf 90' lang='lat' dir='ltr'><strong>reus,</strong></span> <span class='ocrx_word' id='word_1_196' title='bbox 651 3191 760 3256; x_wconf 82' lang='lat' dir='ltr'><strong>«dum</strong></span> <span class='ocrx_word' id='word_1_197' title='bbox 784 3192 957 3257; x_wconf 87' lang='lat' dir='ltr'><strong>sententiae</strong></span> <span class='ocrx_word' id='word_1_198' title='bbox 982 3191 1266 3269; x_wconf 79' lang='lat' dir='ltr'><strong>diriberentur,»</strong></span> <span class='ocrx_word' id='word_1_199' title='bbox 1292 3203 1326 3255; x_wconf 90' lang='lat' dir='ltr'><strong>ut</strong></span> 
     </span>
     <span class='ocr_line' id='line_1_25' title="bbox 141 3309 1328 3402; baseline -0.001 -24"><span class='ocrx_word' id='word_1_200' title='bbox 141 3311 377 3380; x_wconf 89' lang='lat' dir='ltr'><strong>rescribendum</strong></span> <span class='ocrx_word' id='word_1_201' title='bbox 402 3313 466 3377; x_wconf 86' lang='lat' dir='ltr'><strong>iam</strong></span> <span class='ocrx_word' id='word_1_202' title='bbox 489 3312 565 3377; x_wconf 91' lang='lat' dir='ltr'><strong>olim</strong></span> <span class='ocrx_word' id='word_1_203' title='bbox 588 3313 745 3398; x_wconf 87' lang='lat' dir='ltr'><strong>iusserunt</strong></span> <span class='ocrx_word' id='word_1_204' title='bbox 768 3313 851 3402; x_wconf 90' lang='lat' dir='ltr'><strong>apud</strong></span> <span class='ocrx_word' id='word_1_205' title='bbox 877 3313 982 3378; x_wconf 82' lang='lat' dir='ltr'><strong>Valer.</strong></span> <span class='ocrx_word' id='word_1_206' title='bbox 1008 3312 1073 3390; x_wconf 85' lang='lat' dir='ltr'><strong>IX,</strong></span> <span class='ocrx_word' id='word_1_207' title='bbox 1103 3315 1142 3375; x_wconf 86' lang='lat'><strong>12</strong></span> <span class='ocrx_word' id='word_1_208' title='bbox 1170 3309 1193 3399; x_wconf 88' lang='grc'><strong>3</strong></span> <span class='ocrx_word' id='word_1_209' title='bbox 1220 3316 1262 3390; x_wconf 89' lang='grc'><strong>7,</strong></span> <span class='ocrx_word' id='word_1_210' title='bbox 1289 3335 1328 3377; x_wconf 90' lang='lat' dir='ltr'><strong>an</strong></span> 
     </span>
     <span class='ocr_line' id='line_1_26' title="bbox 143 3430 1327 3511; baseline -0.002 -13"><span class='ocrx_word' id='word_1_211' title='bbox 143 3434 361 3511; x_wconf 80' lang='lat' dir='ltr'><strong>dicerentur,</strong></span> <span class='ocrx_word' id='word_1_212' title='bbox 394 3445 430 3496; x_wconf 92' lang='lat' dir='ltr'><strong>ut</strong></span> <span class='ocrx_word' id='word_1_213' title='bbox 461 3433 514 3496; x_wconf 85' lang='lat' dir='ltr'><strong>alii</strong></span> <span class='ocrx_word' id='word_1_214' title='bbox 544 3431 666 3498; x_wconf 88' lang='lat' dir='ltr'><strong>codices</strong></span> <span class='ocrx_word' id='word_1_215' title='bbox 698 3433 817 3498; x_wconf 90' lang='lat' dir='ltr'><strong>habent</strong></span> <span class='ocrx_word' id='word_1_216' title='bbox 849 3446 880 3498; x_wconf 92' lang='lat' dir='ltr'><strong>et</strong></span> <span class='ocrx_word' id='word_1_217' title='bbox 911 3431 1030 3499; x_wconf 91' lang='lat' dir='ltr'><strong>Paridis</strong></span> <span class='ocrx_word' id='word_1_218' title='bbox 1053 3430 1190 3497; x_wconf 89' lang='lat' dir='ltr'><strong>secunda</strong></span> <span class='ocrx_word' id='word_1_219' title='bbox 1215 3455 1327 3497; x_wconf 87' lang='lat' dir='ltr'><strong>manus</strong></span> 
     </span>
    </p>
   </div>
   <div class='ocr_carea' id='block_1_7' title="bbox 32 3550 1327 3644">
    <p class='ocr_par' dir='ltr' id='par_1_8' title="bbox 32 3550 1327 3644">
     <span class='ocr_line' id='line_1_27' title="bbox 32 3550 1327 3644; baseline -0.002 -25"><span class='ocrx_word' id='word_1_220' title='bbox 32 3639 34 3642; x_wconf 13' lang='grc' dir='ltr'><strong><em>ι</em></strong></span> <span class='ocrx_word' id='word_1_221' title='bbox 140 3553 217 3643; x_wconf 81' lang='lat' dir='ltr'><strong>Gap.</strong></span> <span class='ocrx_word' id='word_1_222' title='bbox 253 3557 293 3617; x_wconf 90' lang='lat'><strong>12</strong></span> <span class='ocrx_word' id='word_1_223' title='bbox 327 3554 342 3641; x_wconf 78' lang='grc'><strong>3</strong></span> <span class='ocrx_word' id='word_1_224' title='bbox 376 3557 408 3619; x_wconf 85' lang='lat'><strong>7.</strong></span> <span class='ocrx_word' id='word_1_225' title='bbox 457 3553 504 3618; x_wconf 81' lang='lat' dir='ltr'><strong>Er</strong></span> <span class='ocrx_word' id='word_1_226' title='bbox 532 3550 693 3618; x_wconf 88' lang='lat' dir='ltr'><strong>Wunderi</strong></span> <span class='ocrx_word' id='word_1_227' title='bbox 725 3566 871 3618; x_wconf 89' lang='lat' dir='ltr'><strong>accurata</strong></span> <span class='ocrx_word' id='word_1_228' title='bbox 898 3554 1109 3644; x_wconf 89' lang='lat' dir='ltr'><strong>disputatione</strong></span> <span class='ocrx_word' id='word_1_229' title='bbox 1131 3552 1269 3642; x_wconf 92' lang='lat' dir='ltr'><strong>prodiit,</strong></span> <span class='ocrx_word' id='word_1_230' title='bbox 1294 3552 1327 3617; x_wconf 90' lang='lat' dir='ltr'><strong>ni</strong></span> 
     </span>
    </p>
   </div>
   <div class='ocr_carea' id='block_1_8' title="bbox 130 3669 1326 4728">
    <p class='ocr_par' dir='ltr' id='par_1_9' title="bbox 130 3669 1326 4728">
     <span class='ocr_line' id='line_1_28' title="bbox 140 3669 1326 3764; baseline -0.001 -25"><span class='ocrx_word' id='word_1_231' title='bbox 140 3675 254 3754; x_wconf 79' lang='lat' dir='ltr'><strong>fallor,</strong></span> <span class='ocrx_word' id='word_1_232' title='bbox 287 3698 359 3740; x_wconf 84' lang='lat' dir='ltr'><strong>rera</strong></span> <span class='ocrx_word' id='word_1_233' title='bbox 391 3669 569 3738; x_wconf 79' lang='lat' dir='ltr'><strong>diribendr‘</strong></span> <span class='ocrx_word' id='word_1_234' title='bbox 599 3674 803 3762; x_wconf 74' lang='lat' dir='ltr'><strong>significatio,</strong></span> <span class='ocrx_word' id='word_1_235' title='bbox 835 3676 957 3764; x_wconf 90' lang='lat' dir='ltr'><strong>saepius</strong></span> <span class='ocrx_word' id='word_1_236' title='bbox 981 3697 1054 3739; x_wconf 92' lang='lat' dir='ltr'><strong>cum</strong></span> <span class='ocrx_word' id='word_1_237' title='bbox 1077 3672 1209 3738; x_wconf 90' lang='lat' dir='ltr'><strong>tabellas</strong></span> <span class='ocrx_word' id='word_1_238' title='bbox 1234 3673 1326 3738; x_wconf 73' lang='lat' dir='ltr'><strong>dira·-</strong></span> 
     </span>
     <span class='ocr_line' id='line_1_29' title="bbox 141 3795 1325 3884; baseline 0.001 -25"><span class='ocrx_word' id='word_1_239' title='bbox 141 3795 257 3859; x_wconf 81' lang='lat' dir='ltr'><strong>mendi</strong></span> <span class='ocrx_word' id='word_1_240' title='bbox 290 3797 418 3861; x_wconf 86' lang='lat' dir='ltr'><strong>notione</strong></span> <span class='ocrx_word' id='word_1_241' title='bbox 452 3807 645 3884; x_wconf 88' lang='lat' dir='ltr'><strong>permutata;</strong></span> <span class='ocrx_word' id='word_1_242' title='bbox 681 3808 767 3860; x_wconf 89' lang='lat' dir='ltr'><strong>recte</strong></span> <span class='ocrx_word' id='word_1_243' title='bbox 802 3795 965 3884; x_wconf 87' lang='lat' dir='ltr'><strong>Kempfins</strong></span> <span class='ocrx_word' id='word_1_244' title='bbox 999 3818 1106 3860; x_wconf 88' lang='lat' dir='ltr'><strong>reram</strong></span> <span class='ocrx_word' id='word_1_245' title='bbox 1137 3795 1325 3883; x_wconf 88' lang='lat' dir='ltr'><strong>scripturam</strong></span> 
     </span>
     <span class='ocr_line' id='line_1_30' title="bbox 139 3914 1325 3996; baseline 0 -15"><span class='ocrx_word' id='word_1_246' title='bbox 139 3915 281 3981; x_wconf 76' lang='lat' dir='ltr'><strong>exhibuit</strong></span> <span class='ocrx_word' id='word_1_247' title='bbox 314 3940 350 3981; x_wconf 85' lang='lat' dir='ltr'><strong>ex</strong></span> <span class='ocrx_word' id='word_1_248' title='bbox 386 3915 493 3982; x_wconf 92' lang='lat' dir='ltr'><strong>codice</strong></span> <span class='ocrx_word' id='word_1_249' title='bbox 525 3915 563 3982; x_wconf 79' lang='lat' dir='ltr'><strong>A.</strong></span> <span class='ocrx_word' id='word_1_250' title='bbox 598 3916 857 3996; x_wconf 80' lang='lat' dir='ltr'><strong>dirioerentar,</strong></span> <span class='ocrx_word' id='word_1_251' title='bbox 887 3939 947 3982; x_wconf 91' lang='lat' dir='ltr'><strong>nec</strong></span> <span class='ocrx_word' id='word_1_252' title='bbox 979 3928 1025 3981; x_wconf 90' lang='lat' dir='ltr'><strong>est</strong></span> <span class='ocrx_word' id='word_1_253' title='bbox 1056 3937 1113 3980; x_wconf 89' lang='lat' dir='ltr'><strong>cur</strong></span> <span class='ocrx_word' id='word_1_254' title='bbox 1145 3914 1228 3980; x_wconf 91' lang='lat' dir='ltr'><strong>Iulio</strong></span> <span class='ocrx_word' id='word_1_255' title='bbox 1260 3939 1325 3982; x_wconf 91' lang='lat' dir='ltr'><strong>non</strong></span> 
     </span>
     <span class='ocr_line' id='line_1_31' title="bbox 140 4035 1326 4115; baseline -0.002 -11"><span class='ocrx_word' id='word_1_256' title='bbox 140 4035 273 4104; x_wconf 89' lang='lat' dir='ltr'><strong>eandem</strong></span> <span class='ocrx_word' id='word_1_257' title='bbox 292 4035 477 4115; x_wconf 89' lang='lat' dir='ltr'><strong>reddemus,</strong></span> <span class='ocrx_word' id='word_1_258' title='bbox 501 4054 576 4102; x_wconf 88' lang='lat' dir='ltr'><strong>nam</strong></span> <span class='ocrx_word' id='word_1_259' title='bbox 598 4048 756 4102; x_wconf 83' lang='lat' dir='ltr'><strong>corrector</strong></span> <span class='ocrx_word' id='word_1_260' title='bbox 773 4039 817 4102; x_wconf 88' lang='lat' dir='ltr'><strong>ita</strong></span> <span class='ocrx_word' id='word_1_261' title='bbox 840 4038 972 4102; x_wconf 83' lang='lat' dir='ltr'><strong>mutarit</strong></span> <span class='ocrx_word' id='word_1_262' title='bbox 997 4035 1264 4115; x_wconf 80' lang='lat' dir='ltr'><strong>di...cererrtur,</strong></span> <span class='ocrx_word' id='word_1_263' title='bbox 1291 4049 1326 4102; x_wconf 92' lang='lat' dir='ltr'><strong>nt</strong></span> 
     </span>
     <span class='ocr_line' id='line_1_32' title="bbox 138 4156 1326 4248; baseline 0 -26"><span class='ocrx_word' id='word_1_264' title='bbox 138 4159 260 4248; x_wconf 90' lang='lat' dir='ltr'><strong>primae</strong></span> <span class='ocrx_word' id='word_1_265' title='bbox 286 4179 399 4222; x_wconf 88' lang='lat' dir='ltr'><strong>manus</strong></span> <span class='ocrx_word' id='word_1_266' title='bbox 428 4170 614 4247; x_wconf 78' lang='lat' dir='ltr'><strong>agnoscatur</strong></span> <span class='ocrx_word' id='word_1_267' title='bbox 637 4158 892 4223; x_wconf 80' lang='lat' dir='ltr'><strong>de&#39;rr&#39;oerentar.</strong></span> <span class='ocrx_word' id='word_1_268' title='bbox 942 4156 1219 4246; x_wconf 79' lang='lat' dir='ltr'><strong>Exemplumque</strong></span> <span class='ocrx_word' id='word_1_269' title='bbox 1246 4180 1326 4222; x_wconf 82' lang='lat' dir='ltr'><strong>aen·</strong></span> 
     </span>
     <span class='ocr_line' id='line_1_33' title="bbox 140 4273 1325 4369; baseline 0.001 -26"><span class='ocrx_word' id='word_1_270' title='bbox 140 4284 272 4344; x_wconf 80' lang='lat' dir='ltr'><strong>tentiae</strong></span> <span class='ocrx_word' id='word_1_271' title='bbox 293 4273 423 4344; x_wconf 89' lang='lat' dir='ltr'><strong>diriberi</strong></span> <span class='ocrx_word' id='word_1_272' title='bbox 444 4279 593 4345; x_wconf 90' lang='lat' dir='ltr'><strong>dicuntur</strong></span> <span class='ocrx_word' id='word_1_273' title='bbox 615 4300 674 4369; x_wconf 87' lang='lat' dir='ltr'><strong>pro</strong></span> <span class='ocrx_word' id='word_1_274' title='bbox 695 4279 838 4359; x_wconf 91' lang='lat' dir='ltr'><strong>tabellis,</strong></span> <span class='ocrx_word' id='word_1_275' title='bbox 862 4279 1030 4367; x_wconf 82' lang='lat' dir='ltr'><strong>analogum</strong></span> <span class='ocrx_word' id='word_1_276' title='bbox 1052 4289 1099 4343; x_wconf 90' lang='lat' dir='ltr'><strong>est</strong></span> <span class='ocrx_word' id='word_1_277' title='bbox 1112 4277 1196 4366; x_wconf 89' lang='lat' dir='ltr'><strong>apud</strong></span> <span class='ocrx_word' id='word_1_278' title='bbox 1209 4279 1325 4344; x_wconf 91' lang='lat' dir='ltr'><strong>lustin.</strong></span> 
     </span>
     <span class='ocr_line' id='line_1_34' title="bbox 141 4394 1326 4490; baseline 0 -24"><span class='ocrx_word' id='word_1_279' title='bbox 141 4394 243 4467; x_wconf 84' lang='lat' dir='ltr'><strong>XXII.</strong></span> <span class='ocrx_word' id='word_1_280' title='bbox 276 4407 313 4466; x_wconf 85' lang='lat'><strong>3:</strong></span> <span class='ocrx_word' id='word_1_281' title='bbox 344 4397 562 4479; x_wconf 87' lang='lat' dir='ltr'><strong>«sententias,</strong></span> <span class='ocrx_word' id='word_1_282' title='bbox 594 4402 779 4490; x_wconf 88' lang='lat' dir='ltr'><strong>priusquam</strong></span> <span class='ocrx_word' id='word_1_283' title='bbox 803 4401 1026 4480; x_wconf 92' lang='lat' dir='ltr'><strong>recitarentur,</strong></span> <span class='ocrx_word' id='word_1_284' title='bbox 1052 4400 1085 4465; x_wconf 94' lang='lat' dir='ltr'><strong>in</strong></span> <span class='ocrx_word' id='word_1_285' title='bbox 1109 4423 1223 4465; x_wconf 92' lang='lat' dir='ltr'><strong>urnam</strong></span> <span class='ocrx_word' id='word_1_286' title='bbox 1247 4422 1326 4466; x_wconf 92' lang='lat' dir='ltr'><strong>con-</strong></span> 
     </span>
     <span class='ocr_line' id='line_1_35' title="bbox 130 4521 1326 4613; baseline -0.002 -25"><span class='ocrx_word' id='word_1_287' title='bbox 130 4524 234 4610; x_wconf 77' lang='lat' dir='ltr'><strong>jectas</strong></span> <span class='ocrx_word' id='word_1_288' title='bbox 265 4522 424 4613; x_wconf 81' lang='lat' dir='ltr'><strong>obsignari</strong></span> <span class='ocrx_word' id='word_1_289' title='bbox 453 4522 650 4602; x_wconf 85' lang='lat' dir='ltr'><strong>iusserunt3»</strong></span> <span class='ocrx_word' id='word_1_290' title='bbox 674 4545 734 4588; x_wconf 91' lang='lat' dir='ltr'><strong>nec</strong></span> <span class='ocrx_word' id='word_1_291' title='bbox 757 4521 859 4588; x_wconf 87' lang='lat' dir='ltr'><strong>obstat</strong></span> <span class='ocrx_word' id='word_1_292' title='bbox 883 4521 1071 4586; x_wconf 91' lang='lat' dir='ltr'><strong>Plutarchus</strong></span> <span class='ocrx_word' id='word_1_293' title='bbox 1091 4521 1130 4587; x_wconf 91' lang='lat' dir='ltr'><strong>de</strong></span> <span class='ocrx_word' id='word_1_294' title='bbox 1154 4521 1267 4587; x_wconf 89' lang='lat' dir='ltr'><strong>eadem</strong></span> <span class='ocrx_word' id='word_1_295' title='bbox 1293 4545 1326 4587; x_wconf 90' lang='lat' dir='ltr'><strong>re</strong></span> 
     </span>
     <span class='ocr_line' id='line_1_36' title="bbox 139 4641 1326 4728; baseline 0 -19"><span class='ocrx_word' id='word_1_296' title='bbox 139 4645 275 4712; x_wconf 85' lang='lat' dir='ltr'><strong>scribens</strong></span> <span class='ocrx_word' id='word_1_297' title='bbox 302 4645 356 4712; x_wconf 85' lang='lat' dir='ltr'><strong>vit.</strong></span> <span class='ocrx_word' id='word_1_298' title='bbox 383 4641 483 4711; x_wconf 80' lang='lat' dir='ltr'><strong>Cicer.</strong></span> <span class='ocrx_word' id='word_1_299' title='bbox 509 4647 529 4709; x_wconf 89' lang='grc'>9</span> <span class='ocrx_word' id='word_1_300' title='bbox 553 4644 607 4717; x_wconf 68' lang='grc' dir='ltr'><strong>τὴν</strong></span> <span class='ocrx_word' id='word_1_301' title='bbox 632 4648 739 4727; x_wconf 75' lang='grc' dir='ltr'><strong><em>ψῆφον</em></strong></span> <span class='ocrx_word' id='word_1_302' title='bbox 760 4649 818 4711; x_wconf 79' lang='grc' dir='ltr'><strong>τῶν</strong></span> <span class='ocrx_word' id='word_1_303' title='bbox 843 4648 946 4726; x_wconf 79' lang='grc' dir='ltr'><strong><em>κριτῶν</em></strong></span> <span class='ocrx_word' id='word_1_304' title='bbox 970 4643 1181 4728; x_wconf 65' lang='grc' dir='ltr'><strong>διαφερόντων.</strong></span> <span class='ocrx_word' id='word_1_305' title='bbox 1232 4643 1326 4710; x_wconf 73' lang='lat' dir='ltr'><strong>Aua-</strong></span> 
     </span>
    </p>
   </div>
   <div class='ocr_carea' id='block_1_9' title="bbox 0 0 1478 5182">
    <p class='ocr_par' dir='ltr' id='par_1_10' title="bbox 0 0 1478 5182">
     <span class='ocr_line' id='line_1_37' title="bbox 0 0 1478 5182; baseline 0 3"><span class='ocrx_word' id='word_1_306' title='bbox 0 0 1478 5182; x_wconf 95' lang='lat' dir='ltr'><strong> </strong></span> 
     </span>
    </p>
   </div>
  </div>
 </body>
</html>
