2946 5182
140 347 182 409 38
521 362 635 409 crorro
660 363 702 410 nr
726 361 768 408 nr
792 358 944 408 ruentes.

139 533 246 610 oium,
271 531 311 598 de
334 554 397 621 quo
416 532 518 600 Maius
539 530 719 612 dubitabat;
739 530 826 597 haud
843 532 907 597 seio
928 554 969 596 an
989 529 1099 597 Cicero
1120 531 1206 598 uliud
1225 533 1331 624 scrip·

140 654 232 733 serit,
258 676 354 743 qnam
379 653 464 745 quod
484 650 588 721 Codex
611 652 719 719 habet:
744 651 898 718 «duobus
918 652 967 719 rel
988 653 1114 720 Graecis
1132 654 1333 743 peritissimis

139 796 245 840 rerum
269 775 447 843 civilium.»

184 1016 290 1083 XXII.
323 1021 340 1104 §
372 1023 427 1084 35.
476 1017 562 1085 Nisi
597 1040 663 1106 quo
695 1020 746 1081 eit
780 1020 818 1080 iu
846 1017 909 1081 illo
931 1038 1059 1106 gauere
1080 1021 1216 1085 melior.
1267 1017 1333 1084 liic

140 1161 266 1228 qnoque
299 1140 424 1205 macule
456 1139 568 1204 ultimo
598 1137 752 1203 vocabulo
787 1136 960 1203 adhaerens
988 1138 1109 1204 Maium
1139 1139 1264 1205 induxit
1298 1140 1333 1204 in

140 1282 293 1340 errorern3
319 1260 432 1328 tribuit
455 1260 540 1328 enim
564 1256 798 1349 superadditam
820 1258 1005 1338 maculam,
1027 1282 1108 1348 quae
1128 1283 1169 1326 ne
1191 1259 1334 1327 formum

140 1379 268 1470 quidem
302 1380 426 1446 litterae
461 1383 477 1443 i
510 1378 633 1470 arguit,
669 1380 859 1457 correctori,
895 1377 980 1445 unde
1010 1403 1124 1470 parum
1154 1380 1333 1471 probabilis

139 1512 321 1567 nasceretur
350 1500 465 1580 lectio,
497 1523 556 1567 neo
586 1523 660 1567 rero
683 1512 758 1566 nete
781 1512 838 1566 est.
889 1499 1108 1567 Emendatoris
1132 1501 1333 1569 obtrectato-

140 1624 227 1689 ribus
251 1623 326 1689 talia
351 1622 489 1688 notanda
513 1635 596 1688 sunt.

185 1864 301 1931 XXVI.
328 1867 346 1950 §
372 1867 425 1930 41.
472 1862 691 1954 Reperiutur
717 1865 793 1929 ullu
825 1867 1008 1929 instituto.
1057 1862 1195 1930 Moserus
1217 1865 1335 1932 turbas

138 1985 244 2064 dedit,
275 2009 350 2050 nam
379 1997 464 2051 recte
493 1984 634 2053 ediderat
665 1985 767 2051 Maius
788 1975 999 2065 inuitum,
1030 1998 1067 2051 ut
1090 1985 1186 2052 codex
1208 1985 1332 2068 hebet,

139 2128 198 2172 nec
229 2105 320 2171 aliter
350 2104 588 2185 Steinackerus,
620 2105 673 2171 eui
700 2105 784 2170 male
816 2105 957 2200 obtrudit
988 2106 1202 2172 coniecturam
1225 2108 1334 2173 iusti-

139 2235 239 2306 tuto,·
264 2226 349 2316 quod
373 2227 399 2291 si
420 2226 484 2291 inm
508 2225 634 2293 Nobbio
657 2224 804 2315 Maioque
827 2227 859 2290 in
885 2226 983 2292 altere
1006 2226 1144 2293 editione
1160 2226 1333 2317 probatem

138 2349 233 2415 fuisse
251 2348 424 2413 institutio
443 2348 600 2437 scripserit
621 2345 787 2427 Osannus,
808 2348 902 2413 aliam
915 2348 1041 2415 subesse
1054 2371 1181 2413 eausam
1194 2350 1331 2431 scitote,

138 2470 309 2560 genuinam
337 2490 453 2559 nempe
484 2467 601 2533 oodiois
629 2469 836 2558 scripturam,
862 2471 951 2559 atqui
973 2490 1038 2535 non
1062 2481 1155 2548 sunt,
1180 2481 1216 2534 ut
1239 2469 1333 2538 idem

137 2590 192 2657 ille
212 2603 340 2668 monet,
364 2591 563 2681 perincerta3
590 2589 666 2656 hine
689 2591 832 2680 sequitur
857 2589 981 2658 0ttonis
1005 2593 1178 2682 speciosam
1198 2593 1332 2658 coniec-

75 2717 77 2721 ’
138 2725 242 2779 turam
266 2712 492 2804 reperiantur
515 2710 725 2802 spernendam
748 2735 826 2779 esse.

184 2954 332 3021 XXXIV.
366 2957 385 3040 §
417 2957 472 3020 52.
523 2952 668 3018 Virtute
697 2974 778 3017 uero
799 2953 1015 3043 gubernante
1037 2954 1330 3044 rempublicam,

138 3074 223 3163 quid
242 3082 359 3164 potest
391 3095 467 3138 eoae
483 3071 742 3164 praeclarius?
765 3096 869 3162 quum
891 3074 943 3153 ia,
967 3075 1027 3163 qui
1048 3077 1200 3165 imperet
1223 3075 1331 3155 aliie,

138 3195 247 3261 ceruit
268 3194 344 3285 ipse
364 3193 452 3258 uelli
475 3193 662 3284 cupiditati
669 3217 681 3274 ,·
714 3216 818 3282 quum
841 3218 932 3283 quas
955 3195 1006 3260 ad
1027 3216 1086 3261 res
1109 3196 1199 3260 ciues
1221 3196 1333 3260 iusti-

138 3317 204 3382 tuit
227 3324 261 3380 et
283 3322 401 3393 uocat,
426 3336 487 3379 eas
511 3336 625 3379 omues
645 3316 846 3406 ‘complexus
870 3325 924 3381 est
946 3318 1041 3408 ipse,
1067 3341 1128 3383 uec
1152 3319 1245 3407 leges
1266 3316 1331 3382 im·

131 3437 233 3528 pouit
256 3436 409 3527 populo,
434 3435 554 3524 quibus
585 3436 661 3527 ipse
684 3459 752 3501 uon
767 3447 923 3528 pareut;
949 3438 1014 3503 sed
1034 3462 1132 3503 suum
1156 3439 1263 3503 uitem
1288 3447 1331 3503 ut

139 3560 245 3648 legem
280 3556 451 3649 praefert
490 3555 564 3621 suis
605 3556 742 3623 ciuibus.
792 3555 937 3624 Osannus
971 3561 1104 3627 inseruit
1140 3559 1214 3625 siue
1247 3559 1329 3624 ulla

138 3678 330 3770 cupiditate
361 3688 430 3769 post
457 3677 553 3743 rerba
577 3677 775 3768 compleatur
799 3687 854 3743 est
875 3680 968 3771 ipse,
993 3682 1046 3746 oui
1069 3703 1133 3745 non
1157 3679 1326 3758 assentior;

137 3799 241 3891 primo
276 3798 362 3866 enim
394 3797 429 3863 in
463 3795 572 3866 codiee
601 3799 754 3889 scriptum
784 3812 831 3868 est
858 3801 895 3866 iu
925 3803 1001 3867 ulla
1033 3800 1218 3892 cupiditati
1250 3811 1329 3865 ante

136 3943 229 4013 pron.
263 3921 355 4010 ipse,
391 3930 427 3984 ut
461 3930 546 3984 recte
578 3919 679 3985 Maius
711 3922 853 4001 monuit,
884 3935 953 3989 tum
982 3922 1116 3989 dubium
1149 3923 1212 3987 iam
1235 3941 1329 3985 nunc

138 4039 316 4108 tollendum
346 4051 393 4106 est
421 4039 580 4106 fuerintne
602 4041 662 4108 istu
685 4065 719 4108 re
743 4065 817 4108 vere
839 4041 959 4127 deleta,
982 4055 1018 4109 ut
1040 4042 1125 4110 idem
1147 4043 1202 4109 ille
1225 4041 1329 4130 serip-

137 4175 239 4242 serat,
274 4182 350 4226 nam
378 4160 495 4226 lineola
522 4160 644 4230 deletae
676 4177 749 4231 sunt
777 4167 817 4230 ul
845 4178 877 4231 et
907 4177 1031 4231 ceterae
1063 4175 1258 4255 expunctae,
1286 4163 1328 4231 de

136 4306 246 4376 praep.
280 4281 317 4346 iu
350 4303 400 4347 res
433 4281 603 4363 incertior,
639 4307 721 4375 quae
752 4287 777 4351 si
812 4287 875 4352 iam
903 4286 1049 4351 librarius
1080 4298 1135 4351 aut
1166 4295 1329 4351 corrector

137 4403 371 4482 emendaverit,
395 4424 453 4469 cur
476 4427 593 4494 quaeso
613 4406 751 4473 feramus
776 4432 812 4474 ex
825 4407 1036 4499 superioribus
1048 4409 1157 4473 vitiose
1170 4406 1325 4496 repetita,

137 4549 218 4617 quae
240 4523 334 4591 modo
356 4535 443 4591 reete
466 4525 616 4616 leguntur
637 4528 670 4592 in
694 4528 910 4618 oppositione,
935 4526 988 4593 hio
1011 4551 1084 4595 nero
1105 4528 1203 4594 otiosa
1221 4526 1326 4593 offen·

136 4649 235 4727 dunt,
271 4659 302 4714 et
333 4658 455 4714 mutata
477 4659 573 4737 atque
597 4649 784 4738 transposita
808 4649 934 4716 demum
960 4652 1076 4718 serrari
1099 4673 1188 4740 posse
1214 4649 1328 4714 riden-
