<?xml version="1.0" encoding="UTF-8"?>
<!DOCTYPE html PUBLIC "-//W3C//DTD XHTML 1.0 Transitional//EN"
    "http://www.w3.org/TR/xhtml1/DTD/xhtml1-transitional.dtd">
<html xmlns="http://www.w3.org/1999/xhtml" xml:lang="en" lang="en">
 <head>
  <title>
</title>
<meta http-equiv="Content-Type" content="text/html;charset=utf-8" />
  <meta name='ocr-system' content='tesseract 3.04.00' />
  <meta name='ocr-capabilities' content='ocr_page ocr_carea ocr_par ocr_line ocrx_word'/>
</head>
<body>
  <div class='ocr_page' id='page_1' title='image "./schedaevaticana01rieugoog_0033.png"; bbox 0 0 2946 5182; ppageno 0'>
   <div class='ocr_carea' id='block_1_1' title="bbox 159 343 961 407">
    <p class='ocr_par' dir='ltr' id='par_1_1' title="bbox 159 343 961 407">
     <span class='ocr_line' id='line_1_1' title="bbox 159 343 961 407; baseline -0.001 -3"><span class='ocrx_word' id='word_1_1' title='bbox 159 343 199 405; x_wconf 84' lang='lat'><strong>14</strong></span> <span class='ocrx_word' id='word_1_2' title='bbox 531 358 650 407; x_wconf 83' lang='lat' dir='ltr'><strong>crcuno</strong></span> <span class='ocrx_word' id='word_1_3' title='bbox 674 358 717 405; x_wconf 86' lang='grc'><strong>55</strong></span> <span class='ocrx_word' id='word_1_4' title='bbox 741 357 783 404; x_wconf 84' lang='lat' dir='ltr'><strong>nr</strong></span> <span class='ocrx_word' id='word_1_5' title='bbox 808 357 961 406; x_wconf 77' lang='grc'><strong>5555555.</strong></span> 
     </span>
    </p>
   </div>
   <div class='ocr_carea' id='block_1_2' title="bbox 53 525 1344 3520">
    <p class='ocr_par' dir='ltr' id='par_1_2' title="bbox 53 525 1344 2772">
     <span class='ocr_line' id='line_1_2' title="bbox 154 525 1342 618; baseline -0.001 -22"><span class='ocrx_word' id='word_1_6' title='bbox 154 544 226 596; x_wconf 87' lang='lat' dir='ltr'><strong>mea</strong></span> <span class='ocrx_word' id='word_1_7' title='bbox 248 529 421 618; x_wconf 89' lang='lat' dir='ltr'><strong>inquirant.</strong></span> <span class='ocrx_word' id='word_1_8' title='bbox 471 527 533 594; x_wconf 85' lang='grc'><strong>1155</strong></span> <span class='ocrx_word' id='word_1_9' title='bbox 554 539 601 594; x_wconf 87' lang='grc'><strong>551</strong></span> <span class='ocrx_word' id='word_1_10' title='bbox 623 525 710 592; x_wconf 85' lang='grc'><strong>15556</strong></span> <span class='ocrx_word' id='word_1_11' title='bbox 732 527 775 592; x_wconf 85' lang='grc'><strong>115</strong></span> <span class='ocrx_word' id='word_1_12' title='bbox 798 526 892 604; x_wconf 86' lang='grc'><strong>15515,</strong></span> <span class='ocrx_word' id='word_1_13' title='bbox 916 550 991 593; x_wconf 89' lang='lat' dir='ltr'><strong>nam</strong></span> <span class='ocrx_word' id='word_1_14' title='bbox 1010 527 1186 594; x_wconf 86' lang='lat' dir='ltr'><strong>differentia</strong></span> <span class='ocrx_word' id='word_1_15' title='bbox 1205 529 1342 618; x_wconf 90' lang='lat' dir='ltr'><strong>primam</strong></span> 
     </span>
     <span class='ocr_line' id='line_1_3' title="bbox 153 646 1342 738; baseline -0.001 -21"><span class='ocrx_word' id='word_1_16' title='bbox 153 672 285 717; x_wconf 87' lang='lat' dir='ltr'><strong>manum</strong></span> <span class='ocrx_word' id='word_1_17' title='bbox 304 650 388 716; x_wconf 90' lang='lat' dir='ltr'><strong>inter</strong></span> <span class='ocrx_word' id='word_1_18' title='bbox 409 661 440 717; x_wconf 88' lang='lat' dir='ltr'><strong>et</strong></span> <span class='ocrx_word' id='word_1_19' title='bbox 463 647 663 715; x_wconf 81' lang='lat' dir='ltr'><strong>emendatam</strong></span> <span class='ocrx_word' id='word_1_20' title='bbox 685 647 855 715; x_wconf 87' lang='lat' dir='ltr'><strong>lectionem</strong></span> <span class='ocrx_word' id='word_1_21' title='bbox 882 646 977 738; x_wconf 88' lang='lat' dir='ltr'><strong>digna</strong></span> <span class='ocrx_word' id='word_1_22' title='bbox 1002 660 1049 715; x_wconf 89' lang='lat' dir='ltr'><strong>est</strong></span> <span class='ocrx_word' id='word_1_23' title='bbox 1071 647 1238 714; x_wconf 89' lang='lat' dir='ltr'><strong>doctorum</strong></span> <span class='ocrx_word' id='word_1_24' title='bbox 1257 650 1342 716; x_wconf 83' lang='lat' dir='ltr'><strong>viro-</strong></span> 
     </span>
     <span class='ocr_line' id='line_1_4' title="bbox 153 767 1341 860; baseline 0 -24"><span class='ocrx_word' id='word_1_25' title='bbox 153 793 225 835; x_wconf 87' lang='lat' dir='ltr'><strong>rum</strong></span> <span class='ocrx_word' id='word_1_26' title='bbox 256 769 370 836; x_wconf 92' lang='lat' dir='ltr'><strong>studio.</strong></span> <span class='ocrx_word' id='word_1_27' title='bbox 420 769 476 835; x_wconf 89' lang='lat' dir='ltr'><strong>His</strong></span> <span class='ocrx_word' id='word_1_28' title='bbox 506 793 582 860; x_wconf 90' lang='lat' dir='ltr'><strong>prae</strong></span> <span class='ocrx_word' id='word_1_29' title='bbox 613 769 724 835; x_wconf 87' lang='lat' dir='ltr'><strong>ceteris</strong></span> <span class='ocrx_word' id='word_1_30' title='bbox 753 767 989 837; x_wconf 89' lang='lat' dir='ltr'><strong>commendatos</strong></span> <span class='ocrx_word' id='word_1_31' title='bbox 1019 768 1114 835; x_wconf 79' lang='lat' dir='ltr'><strong>velim</strong></span> <span class='ocrx_word' id='word_1_32' title='bbox 1137 767 1208 837; x_wconf 89' lang='lat' dir='ltr'><strong>illos</strong></span> <span class='ocrx_word' id='word_1_33' title='bbox 1231 770 1341 850; x_wconf 91' lang='lat' dir='ltr'><strong>locos,</strong></span> 
     </span>
     <span class='ocr_line' id='line_1_5' title="bbox 148 888 1342 981; baseline -0.001 -22"><span class='ocrx_word' id='word_1_34' title='bbox 148 892 210 980; x_wconf 90' lang='lat' dir='ltr'><strong>qui</strong></span> <span class='ocrx_word' id='word_1_35' title='bbox 233 912 251 955; x_wconf 90' lang='grc'><strong>5</strong></span> <span class='ocrx_word' id='word_1_36' title='bbox 272 889 401 958; x_wconf 83' lang='lat' dir='ltr'><strong>dirersis</strong></span> <span class='ocrx_word' id='word_1_37' title='bbox 424 903 479 957; x_wconf 86' lang='lat' dir='ltr'><strong>aut</strong></span> <span class='ocrx_word' id='word_1_38' title='bbox 501 890 622 959; x_wconf 83' lang='lat' dir='ltr'><strong>diverso</strong></span> <span class='ocrx_word' id='word_1_39' title='bbox 645 902 790 981; x_wconf 87' lang='lat' dir='ltr'><strong>tempore</strong></span> <span class='ocrx_word' id='word_1_40' title='bbox 812 891 946 958; x_wconf 85' lang='lat' dir='ltr'><strong>correcti</strong></span> <span class='ocrx_word' id='word_1_41' title='bbox 968 913 1034 957; x_wconf 85' lang='lat' dir='ltr'><strong>esre</strong></span> <span class='ocrx_word' id='word_1_42' title='bbox 1053 888 1240 969; x_wconf 83' lang='lat' dir='ltr'><strong>videantur,</strong></span> <span class='ocrx_word' id='word_1_43' title='bbox 1261 914 1342 980; x_wconf 91' lang='lat' dir='ltr'><strong>quos</strong></span> 
     </span>
     <span class='ocr_line' id='line_1_6' title="bbox 152 1008 1341 1100; baseline 0.001 -22"><span class='ocrx_word' id='word_1_44' title='bbox 152 1010 192 1078; x_wconf 93' lang='lat' dir='ltr'><strong>ad</strong></span> <span class='ocrx_word' id='word_1_45' title='bbox 215 1011 231 1079; x_wconf 92' lang='lat'>1</span> <span class='ocrx_word' id='word_1_46' title='bbox 257 1013 275 1096; x_wconf 83' lang='lat'>§</span> <span class='ocrx_word' id='word_1_47' title='bbox 304 1013 345 1076; x_wconf 88' lang='grc'><strong>10</strong></span> <span class='ocrx_word' id='word_1_48' title='bbox 369 1011 534 1100; x_wconf 86' lang='lat' dir='ltr'><strong>attingam.</strong></span> <span class='ocrx_word' id='word_1_49' title='bbox 583 1008 743 1077; x_wconf 88' lang='lat' dir='ltr'><strong>Noonoul</strong></span> <span class='ocrx_word' id='word_1_50' title='bbox 768 1011 795 1095; x_wconf 56' lang='lat' dir='ltr'><strong>S&gt;</strong></span> <span class='ocrx_word' id='word_1_51' title='bbox 809 1012 865 1090; x_wconf 84' lang='lat'><strong>31,</strong></span> <span class='ocrx_word' id='word_1_52' title='bbox 887 1011 943 1077; x_wconf 91' lang='lat' dir='ltr'><strong>ubi</strong></span> <span class='ocrx_word' id='word_1_53' title='bbox 962 1011 1105 1077; x_wconf 77' lang='lat' dir='ltr'><strong>hostilio</strong></span> <span class='ocrx_word' id='word_1_54' title='bbox 1124 1023 1157 1076; x_wconf 91' lang='lat' dir='ltr'><strong>et</strong></span> <span class='ocrx_word' id='word_1_55' title='bbox 1176 1012 1238 1076; x_wconf 78' lang='grc'><strong>1555</strong></span> <span class='ocrx_word' id='word_1_56' title='bbox 1255 1011 1341 1079; x_wconf 83' lang='lat' dir='ltr'><strong>faeta</strong></span> 
     </span>
     <span class='ocr_line' id='line_1_7' title="bbox 151 1129 1339 1222; baseline 0.003 -24"><span class='ocrx_word' id='word_1_57' title='bbox 151 1144 225 1199; x_wconf 89' lang='grc'><strong>5551</strong></span> <span class='ocrx_word' id='word_1_58' title='bbox 247 1130 391 1197; x_wconf 75' lang='lat' dir='ltr'><strong>hostilio</strong></span> <span class='ocrx_word' id='word_1_59' title='bbox 414 1141 446 1197; x_wconf 89' lang='lat' dir='ltr'><strong>et</strong></span> <span class='ocrx_word' id='word_1_60' title='bbox 468 1129 546 1208; x_wconf 66' lang='grc'><strong>1555·</strong></span> <span class='ocrx_word' id='word_1_61' title='bbox 571 1141 603 1197; x_wconf 86' lang='grc'><strong>51</strong></span> <span class='ocrx_word' id='word_1_62' title='bbox 625 1129 658 1197; x_wconf 93' lang='grc'><strong>11</strong></span> <span class='ocrx_word' id='word_1_63' title='bbox 682 1131 760 1215; x_wconf 82' lang='lat'><strong>§54</strong></span> <span class='ocrx_word' id='word_1_64' title='bbox 779 1131 838 1197; x_wconf 82' lang='grc'><strong>155</strong></span> <span class='ocrx_word' id='word_1_65' title='bbox 856 1135 975 1211; x_wconf 73' lang='lat' dir='ltr'><strong>anxit,</strong></span> <span class='ocrx_word' id='word_1_66' title='bbox 995 1132 1048 1199; x_wconf 91' lang='lat' dir='ltr'><strong>cui</strong></span> <span class='ocrx_word' id='word_1_67' title='bbox 1065 1155 1083 1197; x_wconf 84' lang='grc'><strong>5</strong></span> <span class='ocrx_word' id='word_1_68' title='bbox 1100 1130 1257 1222; x_wconf 87' lang='lat' dir='ltr'><strong>adscripta</strong></span> <span class='ocrx_word' id='word_1_69' title='bbox 1273 1145 1339 1214; x_wconf 87' lang='lat' dir='ltr'><strong>est,</strong></span> 
     </span>
     <span class='ocr_line' id='line_1_8' title="bbox 148 1251 1340 1343; baseline 0.001 -23"><span class='ocrx_word' id='word_1_70' title='bbox 148 1252 226 1320; x_wconf 83' lang='lat' dir='ltr'><strong>facit</strong></span> <span class='ocrx_word' id='word_1_71' title='bbox 247 1252 333 1320; x_wconf 87' lang='lat' dir='ltr'><strong>enim</strong></span> <span class='ocrx_word' id='word_1_72' title='bbox 357 1251 397 1317; x_wconf 90' lang='lat' dir='ltr'><strong>ad</strong></span> <span class='ocrx_word' id='word_1_73' title='bbox 419 1252 730 1343; x_wconf 80' lang='lat' dir='ltr'><strong>pronuntiationem,</strong></span> <span class='ocrx_word' id='word_1_74' title='bbox 754 1251 794 1320; x_wconf 89' lang='lat' dir='ltr'><strong>de</strong></span> <span class='ocrx_word' id='word_1_75' title='bbox 815 1275 879 1342; x_wconf 83' lang='lat' dir='ltr'><strong>que</strong></span> <span class='ocrx_word' id='word_1_76' title='bbox 901 1252 1005 1322; x_wconf 89' lang='lat' dir='ltr'><strong>dicam</strong></span> <span class='ocrx_word' id='word_1_77' title='bbox 1028 1253 1069 1319; x_wconf 88' lang='lat' dir='ltr'><strong>ad</strong></span> <span class='ocrx_word' id='word_1_78' title='bbox 1092 1253 1124 1319; x_wconf 89' lang='lat'><strong>11</strong></span> <span class='ocrx_word' id='word_1_79' title='bbox 1149 1254 1217 1338; x_wconf 83' lang='lat'><strong>§7.</strong></span> <span class='ocrx_word' id='word_1_80' title='bbox 1260 1253 1340 1321; x_wconf 75' lang='lat' dir='ltr'><strong>Aliis</strong></span> 
     </span>
     <span class='ocr_line' id='line_1_9' title="bbox 149 1352 1339 1464; baseline -0.003 -21"><span class='ocrx_word' id='word_1_81' title='bbox 149 1387 190 1443; x_wconf 82' lang='lat' dir='ltr'><strong>ut·</strong></span> <span class='ocrx_word' id='word_1_82' title='bbox 204 1396 326 1442; x_wconf 89' lang='lat' dir='ltr'><strong>morem</strong></span> <span class='ocrx_word' id='word_1_83' title='bbox 345 1396 508 1463; x_wconf 91' lang='lat' dir='ltr'><strong>gererem,</strong></span> <span class='ocrx_word' id='word_1_84' title='bbox 529 1372 622 1441; x_wconf 83' lang='lat' dir='ltr'><strong>facile</strong></span> <span class='ocrx_word' id='word_1_85' title='bbox 646 1372 741 1463; x_wconf 88' lang='lat' dir='ltr'><strong>longa</strong></span> <span class='ocrx_word' id='word_1_86' title='bbox 758 1375 990 1443; x_wconf 78' lang='lat' dir='ltr'><strong>correctionum</strong></span> <span class='ocrx_word' id='word_1_87' title='bbox 1009 1376 1103 1445; x_wconf 90' lang='lat' dir='ltr'><strong>series</strong></span> <span class='ocrx_word' id='word_1_88' title='bbox 1119 1373 1174 1443; x_wconf 87' lang='lat' dir='ltr'><strong>hie</strong></span> <span class='ocrx_word' id='word_1_89' title='bbox 1189 1352 1339 1464; x_wconf 84' lang='lat' dir='ltr'><strong>subiungi</strong></span> 
     </span>
     <span class='ocr_line' id='line_1_10' title="bbox 147 1485 1339 1586; baseline 0.002 -24"><span class='ocrx_word' id='word_1_90' title='bbox 147 1485 271 1586; x_wconf 79' lang='lat' dir='ltr'><strong>possm,</strong></span> <span class='ocrx_word' id='word_1_91' title='bbox 296 1493 350 1561; x_wconf 90' lang='lat' dir='ltr'><strong>sed</strong></span> <span class='ocrx_word' id='word_1_92' title='bbox 374 1516 453 1584; x_wconf 86' lang='lat' dir='ltr'><strong>opus</strong></span> <span class='ocrx_word' id='word_1_93' title='bbox 479 1506 634 1573; x_wconf 88' lang='grc'><strong>555551,</strong></span> <span class='ocrx_word' id='word_1_94' title='bbox 660 1492 794 1561; x_wconf 77' lang='grc'><strong>85115115</strong></span> <span class='ocrx_word' id='word_1_95' title='bbox 818 1519 875 1586; x_wconf 90' lang='lat' dir='ltr'><strong>pro</strong></span> <span class='ocrx_word' id='word_1_96' title='bbox 898 1495 1101 1565; x_wconf 78' lang='lat' dir='ltr'><strong>emendatore</strong></span> <span class='ocrx_word' id='word_1_97' title='bbox 1124 1494 1220 1562; x_wconf 87' lang='lat' dir='ltr'><strong>dicat.</strong></span> <span class='ocrx_word' id='word_1_98' title='bbox 1268 1496 1339 1564; x_wconf 90' lang='lat' dir='ltr'><strong>Nec</strong></span> 
     </span>
     <span class='ocr_line' id='line_1_11' title="bbox 146 1614 1335 1709; baseline 0.002 -27"><span class='ocrx_word' id='word_1_99' title='bbox 146 1617 233 1683; x_wconf 86' lang='lat' dir='ltr'><strong>iurat</strong></span> <span class='ocrx_word' id='word_1_100' title='bbox 255 1615 459 1707; x_wconf 87' lang='lat' dir='ltr'><strong>paucissimos</strong></span> <span class='ocrx_word' id='word_1_101' title='bbox 486 1637 539 1682; x_wconf 87' lang='lat' dir='ltr'><strong>eos</strong></span> <span class='ocrx_word' id='word_1_102' title='bbox 562 1614 648 1683; x_wconf 87' lang='lat' dir='ltr'><strong>locos</strong></span> <span class='ocrx_word' id='word_1_103' title='bbox 671 1614 868 1696; x_wconf 86' lang='lat' dir='ltr'><strong>adscribere,</strong></span> <span class='ocrx_word' id='word_1_104' title='bbox 898 1618 954 1707; x_wconf 92' lang='lat' dir='ltr'><strong>qui</strong></span> <span class='ocrx_word' id='word_1_105' title='bbox 975 1618 1009 1685; x_wconf 90' lang='lat' dir='ltr'><strong>in</strong></span> <span class='ocrx_word' id='word_1_106' title='bbox 1032 1617 1122 1709; x_wconf 91' lang='lat' dir='ltr'><strong>peius</strong></span> <span class='ocrx_word' id='word_1_107' title='bbox 1145 1617 1226 1683; x_wconf 86' lang='grc'><strong>55551</strong></span> <span class='ocrx_word' id='word_1_108' title='bbox 1245 1629 1335 1698; x_wconf 84' lang='grc'><strong>5551;</strong></span> 
     </span>
     <span class='ocr_line' id='line_1_12' title="bbox 146 1711 1337 1823; baseline 0.003 -21"><span class='ocrx_word' id='word_1_109' title='bbox 146 1737 282 1803; x_wconf 88' lang='lat' dir='ltr'><strong>sufficiat</strong></span> <span class='ocrx_word' id='word_1_110' title='bbox 304 1735 434 1801; x_wconf 89' lang='lat' dir='ltr'><strong>laudare</strong></span> <span class='ocrx_word' id='word_1_111' title='bbox 457 1735 473 1801; x_wconf 94' lang='lat'><em>1</em></span> <span class='ocrx_word' id='word_1_112' title='bbox 497 1738 514 1821; x_wconf 80' lang='lat'>§</span> <span class='ocrx_word' id='word_1_113' title='bbox 539 1741 577 1815; x_wconf 87' lang='grc'><strong>3,</strong></span> <span class='ocrx_word' id='word_1_114' title='bbox 604 1741 644 1814; x_wconf 88' lang='grc'><strong>5,</strong></span> <span class='ocrx_word' id='word_1_115' title='bbox 671 1739 712 1815; x_wconf 89' lang='grc'><strong>9,</strong></span> <span class='ocrx_word' id='word_1_116' title='bbox 740 1739 800 1816; x_wconf 92' lang='grc'><strong>18,</strong></span> <span class='ocrx_word' id='word_1_117' title='bbox 828 1740 892 1817; x_wconf 93' lang='grc'><strong>48,</strong></span> <span class='ocrx_word' id='word_1_118' title='bbox 917 1737 993 1823; x_wconf 74' lang='lat'><em>11‚§</em></span> <span class='ocrx_word' id='word_1_119' title='bbox 1021 1742 1060 1817; x_wconf 91' lang='grc'><strong>4,</strong></span> <span class='ocrx_word' id='word_1_120' title='bbox 1085 1737 1141 1803; x_wconf 86' lang='grc'><strong>5151</strong></span> <span class='ocrx_word' id='word_1_121' title='bbox 1164 1749 1251 1805; x_wconf 91' lang='lat' dir='ltr'><strong>recte</strong></span> <span class='ocrx_word' id='word_1_122' title='bbox 1270 1711 1337 1805; x_wconf 53' lang='lat' dir='ltr'><strong>ter:</strong></span> 
     </span>
     <span class='ocr_line' id='line_1_13' title="bbox 144 1856 1338 1949; baseline 0.003 -24"><span class='ocrx_word' id='word_1_123' title='bbox 144 1859 351 1926; x_wconf 78' lang='lat' dir='ltr'><strong>minationem</strong></span> <span class='ocrx_word' id='word_1_124' title='bbox 382 1856 470 1923; x_wconf 81' lang='lat' dir='ltr'><strong>verbi</strong></span> <span class='ocrx_word' id='word_1_125' title='bbox 501 1861 522 1922; x_wconf 85' lang='lat'><strong>3</strong></span> <span class='ocrx_word' id='word_1_126' title='bbox 552 1879 636 1947; x_wconf 86' lang='lat' dir='ltr'><strong>pers.</strong></span> <span class='ocrx_word' id='word_1_127' title='bbox 668 1857 753 1946; x_wconf 90' lang='lat' dir='ltr'><strong>plur.</strong></span> <span class='ocrx_word' id='word_1_128' title='bbox 787 1859 927 1947; x_wconf 77' lang='lat' dir='ltr'><strong>reposuit</strong></span> <span class='ocrx_word' id='word_1_129' title='bbox 956 1881 1013 1949; x_wconf 91' lang='lat' dir='ltr'><strong>pro</strong></span> <span class='ocrx_word' id='word_1_130' title='bbox 1045 1857 1216 1948; x_wconf 77' lang='lat' dir='ltr'><strong>singulari,</strong></span> <span class='ocrx_word' id='word_1_131' title='bbox 1241 1860 1338 1928; x_wconf 88' lang='lat' dir='ltr'><strong>autI</strong></span> 
     </span>
     <span class='ocr_line' id='line_1_14' title="bbox 146 1977 1338 2068; baseline 0.004 -24"><span class='ocrx_word' id='word_1_132' title='bbox 146 1981 237 2065; x_wconf 77' lang='lat' dir='ltr'><strong>§ld,</strong></span> <span class='ocrx_word' id='word_1_133' title='bbox 263 1983 327 2059; x_wconf 83' lang='lat'><strong>38,</strong></span> <span class='ocrx_word' id='word_1_134' title='bbox 352 1979 463 2057; x_wconf 83' lang='lat'><strong>67,11</strong></span> <span class='ocrx_word' id='word_1_135' title='bbox 487 1981 505 2064; x_wconf 86' lang='lat'>§</span> <span class='ocrx_word' id='word_1_136' title='bbox 526 1977 703 2058; x_wconf 86' lang='grc'><strong>71515,14,</strong></span> <span class='ocrx_word' id='word_1_137' title='bbox 728 1981 792 2058; x_wconf 84' lang='grc'><strong>62,</strong></span> <span class='ocrx_word' id='word_1_138' title='bbox 817 1982 881 2059; x_wconf 90' lang='grc'><strong>69,</strong></span> <span class='ocrx_word' id='word_1_139' title='bbox 905 2002 984 2068; x_wconf 90' lang='lat' dir='ltr'><strong>quos</strong></span> <span class='ocrx_word' id='word_1_140' title='bbox 995 1979 1153 2047; x_wconf 87' lang='lat' dir='ltr'><strong>contrario</strong></span> <span class='ocrx_word' id='word_1_141' title='bbox 1170 1981 1245 2046; x_wconf 82' lang='lat' dir='ltr'><strong>vitio</strong></span> <span class='ocrx_word' id='word_1_142' title='bbox 1257 1979 1338 2049; x_wconf 85' lang='lat' dir='ltr'><strong>libe·</strong></span> 
     </span>
     <span class='ocr_line' id='line_1_15' title="bbox 143 2098 1337 2188; baseline 0.004 -23"><span class='ocrx_word' id='word_1_143' title='bbox 143 2100 241 2178; x_wconf 88' lang='grc'><strong>55511,</strong></span> <span class='ocrx_word' id='word_1_144' title='bbox 270 2099 385 2188; x_wconf 88' lang='lat' dir='ltr'><strong>quihus</strong></span> <span class='ocrx_word' id='word_1_145' title='bbox 406 2098 577 2166; x_wconf 86' lang='lat' dir='ltr'><strong>admodum</strong></span> <span class='ocrx_word' id='word_1_146' title='bbox 596 2099 817 2167; x_wconf 74' lang='lat' dir='ltr'><strong>verosimiliter</strong></span> <span class='ocrx_word' id='word_1_147' title='bbox 835 2100 852 2168; x_wconf 90' lang='lat'><em>1</em></span> <span class='ocrx_word' id='word_1_148' title='bbox 874 2103 891 2186; x_wconf 81' lang='lat'>§</span> <span class='ocrx_word' id='word_1_149' title='bbox 916 2103 975 2180; x_wconf 88' lang='lat'><strong>16,</strong></span> <span class='ocrx_word' id='word_1_150' title='bbox 1005 2100 1037 2168; x_wconf 96' lang='grc'><strong>11</strong></span> <span class='ocrx_word' id='word_1_151' title='bbox 1055 2102 1073 2186; x_wconf 79' lang='lat' dir='ltr'>S</span> <span class='ocrx_word' id='word_1_152' title='bbox 1091 2106 1134 2166; x_wconf 90' lang='grc'><strong>54</strong></span> <span class='ocrx_word' id='word_1_153' title='bbox 1152 2099 1337 2172; x_wconf 84' lang='grc'><strong>5611515561.</strong></span> 
     </span>
     <span class='ocr_line' id='line_1_16' title="bbox 143 2218 1336 2310; baseline 0.001 -24"><span class='ocrx_word' id='word_1_154' title='bbox 143 2220 289 2310; x_wconf 88' lang='lat' dir='ltr'><strong>Denique</strong></span> <span class='ocrx_word' id='word_1_155' title='bbox 308 2219 421 2310; x_wconf 83' lang='lat' dir='ltr'><strong>inspici</strong></span> <span class='ocrx_word' id='word_1_156' title='bbox 439 2230 570 2309; x_wconf 88' lang='lat' dir='ltr'><strong>possunt</strong></span> <span class='ocrx_word' id='word_1_157' title='bbox 588 2218 637 2303; x_wconf 86' lang='lat' dir='ltr'><strong>l§</strong></span> <span class='ocrx_word' id='word_1_158' title='bbox 656 2221 717 2299; x_wconf 92' lang='lat'><strong>10,</strong></span> <span class='ocrx_word' id='word_1_159' title='bbox 741 2223 803 2299; x_wconf 91' lang='grc'><strong>19,</strong></span> <span class='ocrx_word' id='word_1_160' title='bbox 825 2220 946 2300; x_wconf 83' lang='grc'><strong>331515,</strong></span> <span class='ocrx_word' id='word_1_161' title='bbox 967 2224 1033 2300; x_wconf 84' lang='grc'><strong>38,</strong></span> <span class='ocrx_word' id='word_1_162' title='bbox 1054 2225 1116 2300; x_wconf 84' lang='grc'><strong>53,</strong></span> <span class='ocrx_word' id='word_1_163' title='bbox 1136 2225 1197 2300; x_wconf 88' lang='grc'><strong>64,</strong></span> <span class='ocrx_word' id='word_1_164' title='bbox 1211 2221 1336 2302; x_wconf 87' lang='grc'><strong>671515,</strong></span> 
     </span>
     <span class='ocr_line' id='line_1_17' title="bbox 53 2314 1344 2431; baseline 0.005 -25"><span class='ocrx_word' id='word_1_165' title='bbox 53 2328 60 2343; x_wconf 91' lang='grc'><em>·</em></span> <span class='ocrx_word' id='word_1_166' title='bbox 143 2340 176 2408; x_wconf 89' lang='lat'><strong>11</strong></span> <span class='ocrx_word' id='word_1_167' title='bbox 205 2341 223 2425; x_wconf 83' lang='lat' dir='ltr'><strong>s</strong></span> <span class='ocrx_word' id='word_1_168' title='bbox 260 2345 319 2418; x_wconf 86' lang='lat'><strong>14,</strong></span> <span class='ocrx_word' id='word_1_169' title='bbox 353 2342 417 2418; x_wconf 79' lang='grc'><strong>55,</strong></span> <span class='ocrx_word' id='word_1_170' title='bbox 452 2342 515 2419; x_wconf 84' lang='lat'><strong>52,</strong></span> <span class='ocrx_word' id='word_1_171' title='bbox 548 2342 613 2419; x_wconf 86' lang='lat' dir='ltr'><strong>or,</strong></span> <span class='ocrx_word' id='word_1_172' title='bbox 638 2343 703 2420; x_wconf 85' lang='grc'><strong>55,</strong></span> <span class='ocrx_word' id='word_1_173' title='bbox 728 2340 777 2407; x_wconf 90' lang='lat'><strong>111</strong></span> <span class='ocrx_word' id='word_1_174' title='bbox 802 2343 820 2426; x_wconf 71' lang='grc'><strong>5</strong></span> <span class='ocrx_word' id='word_1_175' title='bbox 845 2345 908 2421; x_wconf 82' lang='grc'><strong>55,</strong></span> <span class='ocrx_word' id='word_1_176' title='bbox 933 2341 990 2407; x_wconf 77' lang='lat' dir='ltr'><strong>ura</strong></span> <span class='ocrx_word' id='word_1_177' title='bbox 1012 2341 1078 2408; x_wconf 68' lang='lat' dir='ltr'><strong>fera</strong></span> <span class='ocrx_word' id='word_1_178' title='bbox 1101 2364 1225 2431; x_wconf 68' lang='lat' dir='ltr'><strong>semper</strong></span> <span class='ocrx_word' id='word_1_179' title='bbox 1247 2314 1344 2413; x_wconf 62' lang='grc'><strong>555</strong></span> 
     </span>
     <span class='ocr_line' id='line_1_18' title="bbox 141 2461 1337 2553; baseline 0.003 -26"><span class='ocrx_word' id='word_1_180' title='bbox 141 2461 321 2529; x_wconf 79' lang='lat' dir='ltr'><strong>emendavit</strong></span> <span class='ocrx_word' id='word_1_181' title='bbox 354 2461 486 2529; x_wconf 89' lang='lat' dir='ltr'><strong>modum</strong></span> <span class='ocrx_word' id='word_1_182' title='bbox 524 2474 579 2529; x_wconf 90' lang='lat' dir='ltr'><strong>aut</strong></span> <span class='ocrx_word' id='word_1_183' title='bbox 618 2473 744 2553; x_wconf 84' lang='lat' dir='ltr'><strong>tempus</strong></span> <span class='ocrx_word' id='word_1_184' title='bbox 774 2463 883 2543; x_wconf 86' lang='grc'><strong>555151,</strong></span> <span class='ocrx_word' id='word_1_185' title='bbox 915 2476 1040 2553; x_wconf 90' lang='lat' dir='ltr'><strong>praeter</strong></span> <span class='ocrx_word' id='word_1_186' title='bbox 1071 2487 1124 2530; x_wconf 91' lang='lat' dir='ltr'><strong>eos</strong></span> <span class='ocrx_word' id='word_1_187' title='bbox 1160 2462 1245 2529; x_wconf 88' lang='lat' dir='ltr'><strong>locos</strong></span> <span class='ocrx_word' id='word_1_188' title='bbox 1276 2461 1337 2530; x_wconf 89' lang='lat' dir='ltr'><strong>ubi</strong></span> 
     </span>
     <span class='ocr_line' id='line_1_19' title="bbox 141 2581 1334 2675; baseline 0.001 -26"><span class='ocrx_word' id='word_1_189' title='bbox 141 2583 262 2672; x_wconf 88' lang='lat' dir='ltr'><strong>primus</strong></span> <span class='ocrx_word' id='word_1_190' title='bbox 285 2581 431 2649; x_wconf 89' lang='lat' dir='ltr'><strong>librarius</strong></span> <span class='ocrx_word' id='word_1_191' title='bbox 454 2583 615 2673; x_wconf 70' lang='lat' dir='ltr'><strong>permixtis</strong></span> <span class='ocrx_word' id='word_1_192' title='bbox 638 2583 657 2647; x_wconf 85' lang='grc'><strong>6</strong></span> <span class='ocrx_word' id='word_1_193' title='bbox 680 2596 713 2649; x_wconf 84' lang='grc'><strong>51</strong></span> <span class='ocrx_word' id='word_1_194' title='bbox 735 2606 756 2649; x_wconf 87' lang='lat' dir='ltr'><em>v</em></span> <span class='ocrx_word' id='word_1_195' title='bbox 775 2584 952 2673; x_wconf 88' lang='lat' dir='ltr'><strong>perfectum</strong></span> <span class='ocrx_word' id='word_1_196' title='bbox 974 2584 1158 2675; x_wconf 82' lang='lat' dir='ltr'><strong>profuturo</strong></span> <span class='ocrx_word' id='word_1_197' title='bbox 1178 2595 1233 2650; x_wconf 90' lang='lat' dir='ltr'><strong>aut</strong></span> <span class='ocrx_word' id='word_1_198' title='bbox 1253 2606 1334 2651; x_wconf 91' lang='lat' dir='ltr'><strong>con-</strong></span> 
     </span>
     <span class='ocr_line' id='line_1_20' title="bbox 141 2702 352 2772; baseline 0.009 -2"><span class='ocrx_word' id='word_1_199' title='bbox 141 2717 189 2770; x_wconf 87' lang='lat' dir='ltr'><strong>tra</strong></span> <span class='ocrx_word' id='word_1_200' title='bbox 211 2702 352 2772; x_wconf 86' lang='lat' dir='ltr'><strong>dederat.</strong></span> 
     </span>
    </p>

    <p class='ocr_par' dir='ltr' id='par_1_3' title="bbox 137 2815 1334 3520">
     <span class='ocr_line' id='line_1_21' title="bbox 158 2815 1334 2916; baseline 0.003 -25"><span class='ocrx_word' id='word_1_201' title='bbox 158 2815 160 2819; x_wconf 10' lang='grc' dir='ltr'><em>Α</em></span> <span class='ocrx_word' id='word_1_202' title='bbox 185 2825 307 2892; x_wconf 90' lang='lat' dir='ltr'><strong>Locum</strong></span> <span class='ocrx_word' id='word_1_203' title='bbox 350 2825 390 2893; x_wconf 92' lang='lat' dir='ltr'><strong>de</strong></span> <span class='ocrx_word' id='word_1_204' title='bbox 422 2827 525 2916; x_wconf 86' lang='lat' dir='ltr'><strong>prima</strong></span> <span class='ocrx_word' id='word_1_205' title='bbox 555 2824 733 2893; x_wconf 88' lang='grc'><strong>555556555</strong></span> <span class='ocrx_word' id='word_1_206' title='bbox 760 2845 860 2890; x_wconf 89' lang='lat' dir='ltr'><strong>mauu</strong></span> <span class='ocrx_word' id='word_1_207' title='bbox 889 2824 1032 2891; x_wconf 91' lang='lat' dir='ltr'><strong>nondum</strong></span> <span class='ocrx_word' id='word_1_208' title='bbox 1063 2827 1197 2893; x_wconf 87' lang='lat' dir='ltr'><strong>missum</strong></span> <span class='ocrx_word' id='word_1_209' title='bbox 1225 2826 1334 2895; x_wconf 88' lang='lat' dir='ltr'><strong>facere</strong></span> 
     </span>
     <span class='ocr_line' id='line_1_22' title="bbox 139 2944 1331 3035; baseline 0.004 -25"><span class='ocrx_word' id='word_1_210' title='bbox 139 2946 233 3025; x_wconf 90' lang='lat' dir='ltr'><strong>licet,</strong></span> <span class='ocrx_word' id='word_1_211' title='bbox 256 2948 442 3035; x_wconf 88' lang='lat' dir='ltr'><strong>priusquam</strong></span> <span class='ocrx_word' id='word_1_212' title='bbox 465 2944 589 3011; x_wconf 71' lang='lat' dir='ltr'><strong>de&#39;alia</strong></span> <span class='ocrx_word' id='word_1_213' title='bbox 611 2944 791 3011; x_wconf 89' lang='lat' dir='ltr'><strong>monuerim</strong></span> <span class='ocrx_word' id='word_1_214' title='bbox 815 2945 1018 3033; x_wconf 87' lang='lat' dir='ltr'><strong>quaestione,</strong></span> <span class='ocrx_word' id='word_1_215' title='bbox 1044 2969 1126 3035; x_wconf 90' lang='lat' dir='ltr'><strong>quae</strong></span> <span class='ocrx_word' id='word_1_216' title='bbox 1150 2960 1236 3014; x_wconf 88' lang='lat' dir='ltr'><strong>arcte</strong></span> <span class='ocrx_word' id='word_1_217' title='bbox 1253 2970 1331 3015; x_wconf 91' lang='lat' dir='ltr'><strong>cum</strong></span> 
     </span>
     <span class='ocr_line' id='line_1_23' title="bbox 139 3065 1331 3157; baseline 0.005 -27"><span class='ocrx_word' id='word_1_218' title='bbox 139 3065 194 3131; x_wconf 92' lang='grc'><strong>1115</strong></span> <span class='ocrx_word' id='word_1_219' title='bbox 223 3065 390 3145; x_wconf 87' lang='lat' dir='ltr'><strong>cohaeret,</strong></span> <span class='ocrx_word' id='word_1_220' title='bbox 422 3065 679 3156; x_wconf 72' lang='lat' dir='ltr'><strong>orthographiam</strong></span> <span class='ocrx_word' id='word_1_221' title='bbox 712 3065 802 3144; x_wconf 87' lang='grc'><strong>5515,</strong></span> <span class='ocrx_word' id='word_1_222' title='bbox 829 3087 925 3154; x_wconf 90' lang='lat' dir='ltr'><strong>quam</strong></span> <span class='ocrx_word' id='word_1_223' title='bbox 948 3065 1065 3133; x_wconf 83' lang='lat' dir='ltr'><strong>inritus</strong></span> <span class='ocrx_word' id='word_1_224' title='bbox 1089 3069 1228 3157; x_wconf 90' lang='lat' dir='ltr'><strong>attingo,</strong></span> <span class='ocrx_word' id='word_1_225' title='bbox 1253 3092 1331 3136; x_wconf 86' lang='lat' dir='ltr'><strong>nam</strong></span> 
     </span>
     <span class='ocr_line' id='line_1_24' title="bbox 138 3184 1331 3280; baseline 0.006 -29"><span class='ocrx_word' id='word_1_226' title='bbox 138 3185 228 3259; x_wconf 83' lang='lat' dir='ltr'><strong>istius</strong></span> <span class='ocrx_word' id='word_1_227' title='bbox 256 3188 302 3254; x_wconf 91' lang='lat' dir='ltr'><strong>rei</strong></span> <span class='ocrx_word' id='word_1_228' title='bbox 335 3187 383 3252; x_wconf 90' lang='grc'><strong>551</strong></span> <span class='ocrx_word' id='word_1_229' title='bbox 414 3184 586 3253; x_wconf 87' lang='lat' dir='ltr'><strong>doctissimi</strong></span> <span class='ocrx_word' id='word_1_230' title='bbox 615 3186 769 3275; x_wconf 88' lang='lat' dir='ltr'><strong>cuiusque</strong></span> <span class='ocrx_word' id='word_1_231' title='bbox 800 3186 984 3277; x_wconf 89' lang='lat' dir='ltr'><strong>imperfecta</strong></span> <span class='ocrx_word' id='word_1_232' title='bbox 1009 3199 1056 3255; x_wconf 88' lang='lat' dir='ltr'><strong>est</strong></span> <span class='ocrx_word' id='word_1_233' title='bbox 1079 3189 1208 3261; x_wconf 88' lang='grc'><strong>55155115</strong></span> <span class='ocrx_word' id='word_1_234' title='bbox 1232 3201 1331 3280; x_wconf 89' lang='lat' dir='ltr'><strong>atque</strong></span> 
     </span>
     <span class='ocr_line' id='line_1_25' title="bbox 139 3305 1331 3399; baseline 0.003 -26"><span class='ocrx_word' id='word_1_235' title='bbox 139 3307 301 3388; x_wconf 88' lang='lat' dir='ltr'><strong>rnanehit,</strong></span> <span class='ocrx_word' id='word_1_236' title='bbox 337 3308 463 3399; x_wconf 90' lang='lat' dir='ltr'><strong>opinor;</strong></span> <span class='ocrx_word' id='word_1_237' title='bbox 496 3307 558 3375; x_wconf 94' lang='lat' dir='ltr'><strong>hoc</strong></span> <span class='ocrx_word' id='word_1_238' title='bbox 588 3307 660 3375; x_wconf 91' lang='lat' dir='ltr'><strong>dico</strong></span> <span class='ocrx_word' id='word_1_239' title='bbox 691 3308 741 3375; x_wconf 87' lang='grc'><strong>551</strong></span> <span class='ocrx_word' id='word_1_240' title='bbox 774 3305 919 3376; x_wconf 87' lang='grc'><strong>0555555</strong></span> <span class='ocrx_word' id='word_1_241' title='bbox 951 3321 1107 3398; x_wconf 90' lang='lat' dir='ltr'><strong>quantum</strong></span> <span class='ocrx_word' id='word_1_242' title='bbox 1133 3310 1331 3399; x_wconf 83' lang='lat' dir='ltr'><strong>ingenuino</strong></span> 
     </span>
     <span class='ocr_line' id='line_1_26' title="bbox 137 3427 1330 3520; baseline 0.003 -27"><span class='ocrx_word' id='word_1_243' title='bbox 137 3427 363 3519; x_wconf 79' lang='lat' dir='ltr'><strong>orthographia</strong></span> <span class='ocrx_word' id='word_1_244' title='bbox 379 3428 571 3496; x_wconf 87' lang='lat' dir='ltr'><strong>restituenda</strong></span> <span class='ocrx_word' id='word_1_245' title='bbox 588 3430 777 3519; x_wconf 87' lang='lat' dir='ltr'><strong>profecerit,</strong></span> <span class='ocrx_word' id='word_1_246' title='bbox 797 3441 870 3496; x_wconf 89' lang='grc'><strong>5515</strong></span> <span class='ocrx_word' id='word_1_247' title='bbox 887 3430 995 3495; x_wconf 86' lang='grc'><strong>555155</strong></span> <span class='ocrx_word' id='word_1_248' title='bbox 1011 3429 1142 3497; x_wconf 88' lang='lat' dir='ltr'><strong>habens.</strong></span> <span class='ocrx_word' id='word_1_249' title='bbox 1169 3429 1330 3520; x_wconf 86' lang='lat' dir='ltr'><strong>Equidem</strong></span> 
     </span>
    </p>
   </div>
   <div class='ocr_carea' id='block_1_3' title="bbox 12 3547 1329 3640">
    <p class='ocr_par' dir='ltr' id='par_1_4' title="bbox 12 3547 1329 3640">
     <span class='ocr_line' id='line_1_27' title="bbox 12 3547 1329 3640; baseline 0.002 -24"><span class='ocrx_word' id='word_1_250' title='bbox 12 3600 15 3605; x_wconf 82' lang='lat'><em>-</em></span> <span class='ocrx_word' id='word_1_251' title='bbox 138 3547 301 3616; x_wconf 76' lang='lat' dir='ltr'><strong>Ciceronis</strong></span> <span class='ocrx_word' id='word_1_252' title='bbox 311 3549 335 3639; x_wconf 82' lang='lat'><strong>¹)</strong></span> <span class='ocrx_word' id='word_1_253' title='bbox 357 3549 467 3616; x_wconf 88' lang='lat' dir='ltr'><strong>eadem</strong></span> <span class='ocrx_word' id='word_1_254' title='bbox 487 3551 520 3616; x_wconf 92' lang='lat' dir='ltr'><strong>in</strong></span> <span class='ocrx_word' id='word_1_255' title='bbox 540 3574 575 3617; x_wconf 92' lang='lat' dir='ltr'><strong>re</strong></span> <span class='ocrx_word' id='word_1_256' title='bbox 591 3549 745 3617; x_wconf 91' lang='lat' dir='ltr'><strong>iudicium</strong></span> <span class='ocrx_word' id='word_1_257' title='bbox 767 3563 863 3639; x_wconf 90' lang='lat' dir='ltr'><strong>atque</strong></span> <span class='ocrx_word' id='word_1_258' title='bbox 883 3551 1063 3640; x_wconf 81' lang='lat' dir='ltr'><strong>exemplum</strong></span> <span class='ocrx_word' id='word_1_259' title='bbox 1083 3550 1173 3616; x_wconf 89' lang='lat' dir='ltr'><strong>nobis</strong></span> <span class='ocrx_word' id='word_1_260' title='bbox 1191 3574 1329 3640; x_wconf 87' lang='lat' dir='ltr'><strong>sequen-</strong></span> 
     </span>
    </p>
   </div>
   <div class='ocr_carea' id='block_1_4' title="bbox 137 3669 1329 4122">
    <p class='ocr_par' dir='ltr' id='par_1_5' title="bbox 137 3669 1329 4122">
     <span class='ocr_line' id='line_1_28' title="bbox 137 3669 1329 3762; baseline 0.001 -25"><span class='ocrx_word' id='word_1_261' title='bbox 137 3669 216 3737; x_wconf 89' lang='lat' dir='ltr'><strong>dum</strong></span> <span class='ocrx_word' id='word_1_262' title='bbox 246 3671 406 3761; x_wconf 84' lang='lat' dir='ltr'><strong>praefero,</strong></span> <span class='ocrx_word' id='word_1_263' title='bbox 440 3671 496 3760; x_wconf 94' lang='lat' dir='ltr'><strong>qui</strong></span> <span class='ocrx_word' id='word_1_264' title='bbox 525 3693 624 3759; x_wconf 90' lang='lat' dir='ltr'><strong>quum</strong></span> <span class='ocrx_word' id='word_1_265' title='bbox 656 3671 772 3737; x_wconf 87' lang='lat' dir='ltr'><strong>frustra</strong></span> <span class='ocrx_word' id='word_1_266' title='bbox 800 3671 921 3761; x_wconf 88' lang='lat' dir='ltr'><strong>aliquid</strong></span> <span class='ocrx_word' id='word_1_267' title='bbox 944 3671 978 3737; x_wconf 92' lang='lat' dir='ltr'><strong>in</strong></span> <span class='ocrx_word' id='word_1_268' title='bbox 1003 3671 1213 3762; x_wconf 80' lang='lat' dir='ltr'><strong>adspiratione</strong></span> <span class='ocrx_word' id='word_1_269' title='bbox 1235 3674 1329 3739; x_wconf 52' lang='lat' dir='ltr'><strong>restis</strong></span> 
     </span>
     <span class='ocr_line' id='line_1_29' title="bbox 137 3789 1328 3884; baseline 0.003 -28"><span class='ocrx_word' id='word_1_270' title='bbox 137 3803 242 3858; x_wconf 89' lang='lat' dir='ltr'><strong>tueret</strong></span> <span class='ocrx_word' id='word_1_271' title='bbox 268 3804 300 3858; x_wconf 87' lang='lat' dir='ltr'><strong>et</strong></span> <span class='ocrx_word' id='word_1_272' title='bbox 322 3791 443 3859; x_wconf 84' lang='lat' dir='ltr'><strong>eiribus</strong></span> <span class='ocrx_word' id='word_1_273' title='bbox 465 3789 582 3884; x_wconf 90' lang='lat' dir='ltr'><strong>derisui</strong></span> <span class='ocrx_word' id='word_1_274' title='bbox 605 3803 704 3871; x_wconf 90' lang='lat' dir='ltr'><strong>esset,</strong></span> <span class='ocrx_word' id='word_1_275' title='bbox 730 3793 865 3859; x_wconf 82' lang='lat' dir='ltr'><strong>mutarit</strong></span> <span class='ocrx_word' id='word_1_276' title='bbox 888 3792 1055 3858; x_wconf 86' lang='lat' dir='ltr'><strong>consilium</strong></span> <span class='ocrx_word' id='word_1_277' title='bbox 1079 3791 1243 3857; x_wconf 86' lang='lat' dir='ltr'><strong>scientiam</strong></span> <span class='ocrx_word' id='word_1_278' title='bbox 1265 3792 1328 3859; x_wconf 88' lang='lat' dir='ltr'><strong>sihi</strong></span> 
     </span>
     <span class='ocr_line' id='line_1_30' title="bbox 137 3911 1326 4002; baseline 0.002 -26"><span class='ocrx_word' id='word_1_279' title='bbox 137 3935 298 3979; x_wconf 83' lang='lat' dir='ltr'><strong>reservans</strong></span> <span class='ocrx_word' id='word_1_280' title='bbox 332 3935 423 3979; x_wconf 87' lang='lat' dir='ltr'><strong>usum</strong></span> <span class='ocrx_word' id='word_1_281' title='bbox 459 3911 577 4002; x_wconf 90' lang='lat' dir='ltr'><strong>populo</strong></span> <span class='ocrx_word' id='word_1_282' title='bbox 611 3912 799 3980; x_wconf 87' lang='lat' dir='ltr'><strong>concedens.</strong></span> <span class='ocrx_word' id='word_1_283' title='bbox 849 3911 947 4001; x_wconf 80' lang='lat' dir='ltr'><strong>Atqui</strong></span> <span class='ocrx_word' id='word_1_284' title='bbox 982 3912 1007 3977; x_wconf 90' lang='lat' dir='ltr'><strong>si</strong></span> <span class='ocrx_word' id='word_1_285' title='bbox 1042 3911 1145 4000; x_wconf 89' lang='lat' dir='ltr'><strong>agitur</strong></span> <span class='ocrx_word' id='word_1_286' title='bbox 1175 3911 1215 3978; x_wconf 92' lang='lat' dir='ltr'><strong>de</strong></span> <span class='ocrx_word' id='word_1_287' title='bbox 1246 3913 1326 3978; x_wconf 82' lang='grc'><strong>1515</strong></span> 
     </span>
     <span class='ocr_line' id='line_1_31' title="bbox 138 4029 1326 4122; baseline -0.001 -24"><span class='ocrx_word' id='word_1_288' title='bbox 138 4033 306 4122; x_wconf 90' lang='lat' dir='ltr'><strong>pristinum</strong></span> <span class='ocrx_word' id='word_1_289' title='bbox 340 4032 447 4098; x_wconf 89' lang='lat' dir='ltr'><strong>locum</strong></span> <span class='ocrx_word' id='word_1_290' title='bbox 481 4032 680 4112; x_wconf 91' lang='lat' dir='ltr'><strong>reducenda,</strong></span> <span class='ocrx_word' id='word_1_291' title='bbox 724 4033 773 4100; x_wconf 88' lang='grc'><strong>551</strong></span> <span class='ocrx_word' id='word_1_292' title='bbox 808 4033 842 4097; x_wconf 90' lang='grc'><strong>15</strong></span> <span class='ocrx_word' id='word_1_293' title='bbox 878 4029 1030 4098; x_wconf 84' lang='lat' dir='ltr'><strong>Cicerone</strong></span> <span class='ocrx_word' id='word_1_294' title='bbox 1065 4032 1144 4096; x_wconf 90' lang='lat' dir='ltr'><strong>ratio</strong></span> <span class='ocrx_word' id='word_1_295' title='bbox 1179 4031 1326 4099; x_wconf 89' lang='lat' dir='ltr'><strong>habenda</strong></span> 
     </span>
    </p>
   </div>
   <div class='ocr_carea' id='block_1_5' title="bbox 138 4150 1327 4366">
    <p class='ocr_par' dir='ltr' id='par_1_6' title="bbox 138 4150 1327 4366">
     <span class='ocr_line' id='line_1_32' title="bbox 138 4150 1327 4244; baseline -0.001 -24"><span class='ocrx_word' id='word_1_296' title='bbox 138 4167 219 4223; x_wconf 82' lang='lat' dir='ltr'><strong>esset</strong></span> <span class='ocrx_word' id='word_1_297' title='bbox 252 4154 400 4244; x_wconf 90' lang='lat' dir='ltr'><strong>temporis</strong></span> <span class='ocrx_word' id='word_1_298' title='bbox 431 4176 493 4242; x_wconf 95' lang='lat' dir='ltr'><strong>quo</strong></span> <span class='ocrx_word' id='word_1_299' title='bbox 525 4155 694 4223; x_wconf 83' lang='lat' dir='ltr'><strong>mutaverit</strong></span> <span class='ocrx_word' id='word_1_300' title='bbox 724 4153 812 4221; x_wconf 87' lang='lat' dir='ltr'><strong>illam</strong></span> <span class='ocrx_word' id='word_1_301' title='bbox 840 4150 1116 4233; x_wconf 89' lang='lat' dir='ltr'><strong>consuetudinem;</strong></span> <span class='ocrx_word' id='word_1_302' title='bbox 1144 4152 1219 4242; x_wconf 92' lang='lat' dir='ltr'><strong>quid</strong></span> <span class='ocrx_word' id='word_1_303' title='bbox 1245 4151 1327 4220; x_wconf 84' lang='lat' dir='ltr'><strong>Gae-</strong></span> 
     </span>
     <span class='ocr_line' id='line_1_33' title="bbox 138 4271 1325 4366; baseline 0.003 -28"><span class='ocrx_word' id='word_1_304' title='bbox 138 4297 207 4352; x_wconf 89' lang='lat' dir='ltr'><strong>sar,</strong></span> <span class='ocrx_word' id='word_1_305' title='bbox 233 4297 328 4362; x_wconf 90' lang='lat' dir='ltr'><strong>quem</strong></span> <span class='ocrx_word' id='word_1_306' title='bbox 350 4285 473 4340; x_wconf 90' lang='lat' dir='ltr'><strong>constat</strong></span> <span class='ocrx_word' id='word_1_307' title='bbox 496 4278 512 4339; x_wconf 82' lang='lat' dir='ltr'><strong>i</strong></span> <span class='ocrx_word' id='word_1_308' title='bbox 532 4299 590 4366; x_wconf 93' lang='lat' dir='ltr'><strong>pro</strong></span> <span class='ocrx_word' id='word_1_309' title='bbox 614 4300 637 4342; x_wconf 83' lang='grc'><strong>5</strong></span> <span class='ocrx_word' id='word_1_310' title='bbox 657 4273 813 4342; x_wconf 89' lang='grc'><strong>5551155561</strong></span> <span class='ocrx_word' id='word_1_311' title='bbox 834 4296 926 4340; x_wconf 92' lang='lat' dir='ltr'><strong>usum</strong></span> <span class='ocrx_word' id='word_1_312' title='bbox 943 4271 1163 4354; x_wconf 81' lang='lat' dir='ltr'><strong>introduxisse3</strong></span> <span class='ocrx_word' id='word_1_313' title='bbox 1187 4272 1325 4362; x_wconf 91' lang='lat' dir='ltr'><strong>denique</strong></span> 
     </span>
    </p>
   </div>
   <div class='ocr_carea' id='block_1_6' title="bbox 139 4393 1327 4484">
    <p class='ocr_par' dir='ltr' id='par_1_7' title="bbox 139 4393 1327 4484">
     <span class='ocr_line' id='line_1_34' title="bbox 139 4393 1327 4484; baseline 0 -25"><span class='ocrx_word' id='word_1_314' title='bbox 139 4393 363 4484; x_wconf 87' lang='lat' dir='ltr'><strong>orthographia</strong></span> <span class='ocrx_word' id='word_1_315' title='bbox 389 4394 509 4461; x_wconf 88' lang='lat' dir='ltr'><strong>incerta</strong></span> <span class='ocrx_word' id='word_1_316' title='bbox 532 4396 593 4463; x_wconf 91' lang='lat' dir='ltr'><strong>fuit</strong></span> <span class='ocrx_word' id='word_1_317' title='bbox 618 4396 778 4463; x_wconf 82' lang='lat' dir='ltr'><strong>Ciceronis</strong></span> <span class='ocrx_word' id='word_1_318' title='bbox 801 4409 943 4483; x_wconf 88' lang='lat' dir='ltr'><strong>tempore</strong></span> <span class='ocrx_word' id='word_1_319' title='bbox 966 4407 998 4461; x_wconf 90' lang='lat' dir='ltr'><strong>et</strong></span> <span class='ocrx_word' id='word_1_320' title='bbox 1020 4417 1195 4484; x_wconf 89' lang='lat' dir='ltr'><strong>numquam</strong></span> <span class='ocrx_word' id='word_1_321' title='bbox 1220 4416 1289 4476; x_wconf 86' lang='lat' dir='ltr'><strong>non</strong></span> <span class='ocrx_word' id='word_1_322' title='bbox 1310 4418 1327 4460; x_wconf 92' lang='lat' dir='ltr'><strong>a</strong></span> 
     </span>
    </p>
   </div>
   <div class='ocr_carea' id='block_1_7' title="bbox 140 4565 285 4581">
    <p class='ocr_par' dir='ltr' id='par_1_8' title="bbox 140 4565 285 4581">
     <span class='ocr_line' id='line_1_35' title="bbox 140 4565 285 4581; baseline 0.007 -1"><span class='ocrx_word' id='word_1_323' title='bbox 140 4565 285 4581; x_wconf 56' lang='grc' dir='ltr'><strong><em>Μ</em></strong></span> 
     </span>
    </p>
   </div>
   <div class='ocr_carea' id='block_1_8' title="bbox 175 4655 455 4726">
    <p class='ocr_par' dir='ltr' id='par_1_9' title="bbox 175 4655 455 4726">
     <span class='ocr_line' id='line_1_36' title="bbox 175 4655 455 4726; baseline 0.007 -16"><span class='ocrx_word' id='word_1_324' title='bbox 175 4663 200 4726; x_wconf 83' lang='grc'><strong>5)</strong></span> <span class='ocrx_word' id='word_1_325' title='bbox 228 4655 296 4713; x_wconf 77' lang='lat' dir='ltr'><strong>orat.</strong></span> <span class='ocrx_word' id='word_1_326' title='bbox 316 4665 346 4710; x_wconf 77' lang='lat' dir='ltr'><strong>aa</strong></span> <span class='ocrx_word' id='word_1_327' title='bbox 366 4663 380 4724; x_wconf 72' lang='grc'><strong>5</strong></span> <span class='ocrx_word' id='word_1_328' title='bbox 401 4667 455 4712; x_wconf 88' lang='lat' dir='ltr'><strong>rso.</strong></span> 
     </span>
    </p>
   </div>
   <div class='ocr_carea' id='block_1_9' title="bbox 0 0 1478 5182">
    <p class='ocr_par' dir='ltr' id='par_1_10' title="bbox 0 0 1478 5182">
     <span class='ocr_line' id='line_1_37' title="bbox 0 0 1478 5182; baseline 0 5"><span class='ocrx_word' id='word_1_329' title='bbox 0 0 1478 5182; x_wconf 95' lang='lat' dir='ltr'><strong> </strong></span> 
     </span>
    </p>
   </div>
  </div>
 </body>
</html>
