2946 5182
364 847 432 964 II.
491 845 709 966 TULLII
765 843 1101 963 CICERONIS

507 1125 576 1215 nn
610 1124 678 1216 nu
712 1125 942 1216 naamon

271 1378 436 1456 CODEX
467 1372 869 1454 PALIMPSESTUS
897 1360 1193 1454 IIIIOINUS.

627 1683 843 1738 —sssaoce-

564 1937 895 2013 II'Inoouc'llo.

182 2170 333 2239 Nondum
363 2172 556 2238 satisfactum
592 2183 638 2237 est
668 2172 751 2235 iusto
775 2190 885 2236 corum
915 2167 1090 2252 desiderio,
1123 2175 1179 2262 qui
1210 2195 1324 2242 noram

134 2307 232 2383 atque
255 2290 435 2359 accuratam
457 2293 586 2359 illorum
608 2289 754 2357 codicum
772 2289 1045 2379 investigationem
1065 2292 1237 2382 optabilem
1257 2320 1323 2363 esse

134 2425 344 2493 censuerunt,
377 2436 414 2481 cr
438 2414 553 2503 quibus
581 2425 628 2479 tot
652 2425 747 2501 atquc
770 2424 859 2478 tanta
887 2432 969 2477 nova
991 2424 1087 2502 atque
1108 2414 1234 2482 inedita
1255 2416 1323 2483 An-

134 2538 223 2628 gelus
246 2536 345 2602 lllains
368 2537 542 2626 protraxit3
569 2533 713 2600 classicos
736 2532 807 2599 volo
831 2555 1005 2623 eormnque
1018 2534 1224 2625 fragmenta,
1250 2540 1324 2627 qui·

30 2730 38 2757 Ι
133 2658 194 2723 hus
223 2680 291 2724 rem
325 2654 488 2748 pubIIcam
521 2657 699 2723 litterarum
733 2653 844 2720 ditavit
874 2654 1052 2721 fortunatus
1075 2656 1137 2722 ille
1167 2658 1322 2724 librorum

15 2766 31 2817 '¹
134 2779 423 2870 manuscriptorum
452 2789 685 2869 perscrutator,
719 2775 902 2842 Tullianum
931 2774 970 2841 de
1002 2776 1049 2842 Re
1081 2776 1213 2844 Publica
1243 2801 1321 2870 opus

134 2899 227 2979 dico,
272 2898 481 2966 Scholiastcm
515 2897 724 2975 Bobiensent‚
762 2896 929 2963 Frontonis
965 2897 1139 2987 Epistolas,
1182 2909 1320 2981 ceteros,

135 3043 215 3111 quos
245 3019 332 3086 haud
351 3018 479 3110 illepide
504 3018 559 3084 llis
587 3019 746 3084 minorum
777 3017 921 3107 gentium
944 3017 1189 3108 nonnumquam·
1217 3021 1323 3089 audiri

135 3140 368 3208 adnumeratos.
417 3140 506 3207 Nihil
529 3140 615 3206 enim
637 3140 671 3204 in
694 3139 756 3204 illis
780 3140 929 3229 antiquae
953 3140 1125 3230 scripturae
1148 3140 1323 3209 documen·

133 3265 175 3330 tis
193 3263 261 3330 lere
282 3284 387 3354 neque
407 3259 653 3354 spernendum„
666 3261 710 3326 sio
726 3261 797 3339 isti,
822 3272 854 3326 et
871 3273 955 3326 recte
975 3264 1125 3342 omnino,
1150 3262 1322 3331 dummodo

133 3382 175 3452 de
198 3383 305 3450 codice
329 3384 518 3474 perantiquo
543 3394 655 3472 agatur
678 3393 732 3447 aut
755 3379 795 3447 dc
817 3382 855 3446 iis
878 3382 1019 3472 scriptis,
1046 3406 1127 3472 quae
1151 3385 1228 3450 Maii
1249 3385 1323 3452 dili·

135 3506 242 3598 gentia
269 3505 488 3595 industriaque
516 3504 636 3570 inedita
667 3526 733 3570 esse
764 3502 924 3569 desierint.
973 3504 1051 3570 Prae
1075 3506 1186 3571 ceteris
1216 3519 1322 3573 autem

135 3627 260 3694 Inedita
283 3649 374 3693 curas
397 3625 550 3693 secundas
573 3625 759 3715 requirunt,
781 3636 817 3689 ut
840 3619 941 3689 omnis
964 3623 1120 3690 dubitatio
1142 3625 1269 3692 tollatur
1291 3641 1323 3695 ct

134 3748 176 3816 de
199 3748 353 3838 scriptura
376 3747 450 3813 libri
472 3746 679 3836 manuscripti
702 3758 824 3812 constet
846 3746 883 3812 iis
906 3746 1091 3836 praesertim
1108 3747 1141 3811 in
1165 3748 1264 3828 locis,
1289 3751 1323 3816 in

135 3869 251 3960 quibus
274 3868 481 3936 emendandis
501 3869 559 3934 riri
582 3867 668 3934 docti
692 3866 934 3934 desudaverunt.
985 3867 1052 3933 Nec
1075 3869 1251 3958 spernenda
1271 3872 1323 3936 in·

135 4003 297 4058 crementa
320 3992 394 4057 libri
412 3982 550 4058 Tulliani
570 4002 738 4081 apparatus
758 3989 906 4064 criticus,
932 4012 1026 4078 quem
1051 4003 1184 4070 vocant,
1210 4005 1321 4060 nactus

135 4125 184 4180 cst
206 4136 243 4178 cr
262 4113 395 4203 repetita
420 4111 589 4202 Augustini
612 4110 727 4176 codicis
750 4110 904 4189 lectione,
930 4109 988 4174 sub
1008 4111 1098 4177 cuius
1119 4109 1323 4179 Commenta-

135 4233 190 4298 riis
210 4256 304 4323 super
327 4232 465 4298 Psalmos
486 4231 629 4299 latebant
654 4229 821 4298 Ciceronis
838 4229 878 4296 dc
898 4229 945 4296 Re
964 4229 1098 4296 Publica
1115 4231 1206 4311 libri,
1226 4256 1322 4322 quarn

135 4353 273 4419 instituit
300 4353 384 4421 idem
407 4354 461 4421 ille
485 4355 625 4445 Angelus
648 4355 770 4433 Maius,
804 4353 856 4418 cui
879 4351 1053 4441 contigerat
1077 4354 1184 4419 cosin
1216 4354 1322 4421 lucem
1380 4349 1389 4360 ’

135 4496 295 4542 revocare.
345 4475 386 4542 Εἰ
405 4474 455 4540 rel
475 4476 518 4540 sic
536 4487 644 4542 tamen
661 4499 726 4541 non
743 4474 883 4541 contenti
899 4485 988 4540 erant
1008 4472 1055 4539 illi
1065 4523 1074 4553 ,
1100 4474 1217 4564 quibus
1234 4497 1323 4543 com·

135 4607 263 4684 portum
288 4609 354 4671 crat
379 4609 512 4685 quantas
537 4597 674 4666 medelas
700 4596 879 4685 Polybianis
904 4584 1064 4685 Excerp‘tis
1090 4596 1250 4662 Vaticanis
1271 4592 1322 4661 at·

1118 4721 1133 4770 1
