2946 5182
602 353 863 400 anarnarronrs.
1258 336 1319 397 179

136 524 217 589 riter
244 522 348 591 dicto:
379 547 404 586 .«
415 523 440 588 si
464 520 577 587 adduci
599 496 741 612 possem,
768 534 803 586 ut
827 545 863 587 ea
886 522 919 587 in
944 521 1055 587 ultima
1079 518 1208 609 Scythia
1230 545 1319 613 pero·

136 666 259 723 ratem,
283 657 353 709 tum
376 667 427 709 me
453 647 566 734 ipsum
594 655 694 708 morte
724 641 926 708 multandum
957 641 1198 709 concederem.»
1237 642 1320 709 Dixit
1438 726 1440 728 V

137 768 236 855 ipse,
260 776 296 829 ut
318 763 416 831 codex
439 762 535 829 habet
559 775 590 829 θῖ
613 763 681 828 Val.
707 763 771 842 VI,
799 768 817 828 l
842 763 913 828 Ert.
941 765 959 848 S
984 767 1015 828 2.

167 867 295 950 ¹Levius
326 897 391 963 θεῖ,
426 884 511 973 quod
540 884 681 950 exhibuit
707 882 785 974 (lap.
812 888 830 950 fi
858 886 875 970 3
901 890 921 950 3
946 883 1163 962 huiusmodi,
1189 884 1244 948 abi
1266 907 1321 949 co-

135 1004 197 1070 dex
219 1004 350 1094 praebet
373 1004 543 1068 eiusmodi
565 1016 597 1070 ct
620 1003 763 1069 Valerius
787 1004 849 1084 Vl,
875 1008 894 1070 5
919 1004 943 1094 S
967 1008 982 1070 1
1008 1007 1112 1069 leuius
1132 1008 1286 1094 generis.

183 1123 286 1214 Supra
320 1124 454 1190 vidimus
490 1125 669 1191 Romanum
699 1125 852 1192 editorem
883 1126 1049 1216 impegisse
1078 1126 1192 1215 passim
1223 1147 1324 1191 unum

136 1246 187 1312 rel
218 1245 309 1336 plura
343 1247 496 1313 vocabula
529 1245 733 1327 omittendo,
754 1247 816 1314 hoc
850 1247 962 1333 eodem
994 1247 1069 1337 Gap.
1103 1245 1126 1335 S
1158 1254 1175 1312 5
1208 1245 1246 1311 de
1268 1269 1324 1312 suo

139 1364 259 1432 addidit
289 1367 421 1434 verbum
446 1368 582 1433 otiosum
605 1368 734 1434 omnino
757 1381 789 1433 θῖ
811 1391 887 1458 prae
911 1369 1023 1434 ceteris
1045 1368 1085 1432 ab
1107 1368 1234 1457 ingenio
1257 1369 1325 1457 epi-

137 1488 300 1552 tomatoris
336 1488 487 1554 alienum.
533 1487 642 1554 «Cum
678 1489 726 1554 Ti.
766 1487 925 1554 Gracchus
961 1501 993 1554 et
1028 1488 1065 1554 L.
1105 1486 1254 1554 Claudius
1285 1488 1326 1552 ob

137 1608 231 1673 nimis
254 1631 358 1673 serere
381 1622 500 1698 gestam
520 1607 650 1673 Itomae
671 1631 836 1674 censuram
857 1621 1121 1689 accusarentur3n
1140 1622 1225 1676 recte
1238 1609 1326 1675 abest

136 1729 172 1792 in
196 1727 304 1794 codice
328 1730 391 1794 irno
416 1729 500 1819 apud
524 1728 593 1795 Vol.
621 1728 681 1807 Vl,
707 1734 727 1794 5
751 1727 776 1816 S
801 1735 821 1794 3
845 1729 907 1794 loci
929 1728 1091 1796 indicatio.

144 1887 146 1892 ·
186 1849 355 1938 Perperam
387 1850 489 1916 Maius
518 1849 666 1939 explicuit
695 1862 801 1915 notam
827 1849 898 1914 Lib.
925 1849 1004 1929 Vll,
1031 1848 1109 1940 Gap.
1135 1853 1155 1914 2
1180 1847 1203 1937 S
1230 1853 1273 1914 33
1294 1850 1329 1912 in

139 1971 211 2036 loco
235 1969 273 2036 de
297 1993 414 2048 vacca,
438 1993 535 2058 quarn
559 1969 706 2034 dominus
734 1971 797 2034 «in
822 1968 978 2035 Aventino
1002 1982 1075 2036 ante
1098 1993 1186 2034 urus
1210 1970 1329 2034 Dianae

144 2090 307 2155 constituit
319 2113 352 2168 ,n
383 2113 457 2155 narn
486 2089 632 2155 librarius
664 2102 748 2156 recte
772 2088 901 2155 dederat
925 2103 1013 2169 uro‘r,
1036 2090 1069 2155 id
1093 2077 1148 2156 est
1161 2113 1263 2155 arum
1292 2111 1328 2156 er

139 2210 210 2276 Vel.
238 2209 410 2299 V11,3§
440 2214 469 2275 1.

190 2329 523 2420 ConspiratValerius
548 2329 628 2408 Vll,
655 2335 674 2394 3
700 2328 723 2418 3
749 2334 769 2394 6
795 2350 868 2395 cum
892 2311 1000 2396 codice
1024 2330 1092 2396 eod.
1117 2331 1192 2421 Cap.
1215 2329 1239 2420 S
1263 2335 1326 2397 37:

141 2451 331 2518 «Sertorius
351 2450 445 2516 validi
465 2451 539 2540 equi
563 2449 697 2516 caudam
721 2449 761 2515 ab
784 2450 932 2516 inbecillo
957 2475 1029 2517 sene
1049 2450 1202 2541 paulatim
1224 2453 1329 2541 carpi,

140 2573 260 2639 infirmi
292 2572 332 2635 ab
365 2573 478 2637 iurene
505 2572 692 2636 eximiarum
723 2572 836 2637 virium
870 2572 1047 2637 universam
1071 2572 1206 2637 convelli
1229 2573 1329 2639 iussit.

144 2692 407 2782 0btemperatum
444 2692 577 2781 imperio
616 2702 671 2756 θεῖ.
729 2691 790 2758 Sed
838 2691 915 2756 dum
944 2692 1166 2790 'adulescentis
1205 2692 1336 2767 dextera

141 2815 232 2903 irrito
259 2836 290 2878 se
307 2813 453 2902 fatigat
475 2812 602 2891 labore,
628 2813 732 2878 senior
753 2814 963 2878 ministerium
987 2825 1151 2879 exsecutus
1171 2826 1255 2879 est.»
1288 2811 1330 2878 At

142 2936 245 3001 Maius
268 2933 355 2999 dedit
370 2933 570 3023 fatigabat.

188 3056 225 3120 ln
259 3054 448 3143 quibusdam
482 3054 571 3119 libris
605 3055 826 3143 manuscriptis
853 3055 973 3120 litteras
1006 3078 1027 3117 r
1054 3067 1085 3119 θῖ
1114 3078 1132 3120 ε
1163 3079 1200 3120 ea
1230 3056 1331 3121 forma

143 3188 282 3243 exaratas
310 3199 395 3254 esse,
429 3187 465 3240 ut
495 3175 587 3240 facile
617 3175 810 3240 misceantur
837 3198 855 3238 a
885 3175 1020 3254 lectore,
1049 3188 1161 3241 notum
1188 3189 1253 3256 θεῖ,
1279 3176 1334 3242 sed

144 3321 208 3362 non
249 3294 332 3360 cadit
370 3296 432 3361 hoc
464 3297 497 3360 in
526 3307 668 3361 nostrum
700 3294 856 3374 codicem,
890 3296 979 3384 atqui
1009 3319 1073 3361 non
1104 3295 1200 3362 habet
1232 3297 1334 3362 editor

146 3442 208 3508 quo
226 3402 273 3486 'se
304 3417 452 3483 defendat
483 3416 633 3483 exhibens
665 3416 761 3482 Libro
786 3416 862 3496 VII,
896 3415 969 3506 Cap.
997 3421 1016 3482 4
1040 3415 1064 3504 S
1092 3421 1130 3481 1:
1180 3389 1340 3483 «Tullius

146 3540 315 3619 Hostilius,
350 3563 423 3605 cum
452 3539 591 3605 Metium-
609 3539 780 3604 Fufetium
811 3539 911 3628 ipsam
943 3538 1043 3603 aciem
1067 3537 1265 3603 deserentem
1287 3539 1334 3602 ri·

145 3659 252 3740 deret,
283 3684 391 3727 omnes
417 3659 511 3747 (adde
535 3682 572 3724 ex
592 3657 662 3750 Vel.
685 3657 763 3737 VII,
791 3662 810 3722 4
835 3656 859 3746 S
887 3661 922 3723 1.
949 3659 1066 3747 globos
1090 3657 1140 3723 rel
1160 3656 1222 3723 talc
1243 3656 1332 3746 quid)

145 3783 359 3872 percucurrit,
392 3803 448 3846 suo
472 3781 558 3844 iussu
582 3778 689 3844 dicens
714 3781 904 3843 recessisse
932 3801 1044 3844 eum.»
1084 3776 1334 3844 Rescribendum

146 3920 193 3974 est
219 3906 342 3972 Tullus
366 3915 397 3968 θῖ
421 3903 629 3978 secessisse,
655 3911 690 3964 ut
714 3898 857 3964 Valerius
882 3921 1009 3987 quoque
1032 3898 1140 3965 habet.

152 4088 154 4092 .
192 4026 314 4093 Eodem
342 4023 423 4089 redit
448 4020 526 4087 ibid.
559 4018 583 4108 S
613 4025 654 4084 3:
687 4043 820 4108 «quum
850 4018 995 4109 pluribus
1025 4019 1134 4085 locis»
1159 4043 1196 4086 ac
1220 4019 1335 4086 codicis

147 4161 179 4214 et
213 4146 330 4211 Valerii
362 4145 516 4233 scriptura
551 4141 801 4230 «conpluribus
836 4139 958 4220 locis,>›
995 4141 1081 4229 quod
1118 4140 1336 4230 recipiendum

148 4267 285 4335 videtur.
348 4305 351 4310 ·
1032 4339 1034 4343 ,

193 4387 317 4454 Vellem
340 4384 522 4474 typothetae
546 4381 685 4448 tribuere
705 4381 875 4447 absurdum
892 4406 1030 4450 errorem
1049 4382 1111 4449 hoc
1130 4383 1241 4448 eodem
1261 4382 1335 4472 Gap.

151 4508 175 4599 S
201 4513 238 4575 7:
274 4519 458 4599 «postremo
480 4480 576 4572 cccc,
593 4504 713 4593 equites
738 4502 938 4582 subornarit,
967 4505 1023 4593 qui
1047 4504 1201 4571 destrictis
1226 4503 1336 4593 gladiis

148 4631 282 4720 poplites
299 4627 511 4719 pugnantium
529 4627 743 4694 Romanorum
765 4625 1025 4694 caeciderunt.»
1051 4625 1155 4694 (lodex
1181 4639 1286 4692 autern
1306 4638 1337 4692 θῖ

1055 4745 1115 4799 20*
