2946 5182
164 353 224 399 I'III
711 367 801 378 ·······

166 549 244 615 Tum
277 548 461 613 coetibulum
497 547 634 634 (Scipio)
668 549 739 638 Cap.
769 553 810 614 57
838 551 855 632 §
883 553 925 613 58
949 550 982 612 in
1007 547 1138 611 editione
1162 547 1260 610 attero
1281 567 1353 630 snp-

157 701 280 787 pbetum
318 699 538 763 Vitlemainius
573 697 649 763 oiim
678 701 712 764 in
744 699 919 786 marqinem
949 698 1119 773 reiecerat,
1153 717 1214 760 nou
1237 693 1351 760 Maius.

161 852 260 918 Porro
298 852 371 936 Cap.
408 853 450 914 46
486 853 504 934 §
537 853 579 915 66
613 849 707 938 (mihi
728 872 786 935 pro
810 849 888 926 tihi,
912 870 972 915 non
997 848 1066 938 ubi)
1090 849 1155 914 iam
1178 848 1355 912 innotuerat

161 1005 296 1068 uarietas
309 1002 427 1087 prioris
450 1001 594 1066 editionis
612 1001 653 1064 iis
673 1001 785 1065 saitem
803 1001 982 1077 tectoribus,
1005 1001 1109 1085 quiin
1130 1000 1205 1064 iocis
1226 1020 1353 1086 corrup·

161 1155 201 1218 tis
233 1163 321 1220 notas
344 1152 468 1219 criticas
490 1174 551 1216 non
576 1160 781 1217 contemnunt.
829 1149 949 1215 Deinde
970 1151 1075 1216 dubito
1098 1161 1217 1217 rectene
1242 1150 1354 1238 deperit

163 1303 235 1391 Cap.
268 1310 307 1370 18
334 1309 352 1390 §
378 1309 420 1371 50
447 1303 586 1393 (quaerit
604 1325 664 1389 pro
689 1301 766 1388 quid
788 1303 858 1391 sit).
908 1301 1055 1388 Sequitur
1080 1303 1152 1388 Gap.
1186 1308 1226 1368 12
1258 1307 1275 1388 §
1310 1307 1353 1368 18

162 1454 382 1544 (Scipionique
414 1476 473 1540 pro
510 1453 652 1541 Scipioni
685 1453 759 1542 quo)
797 1463 826 1518 et
859 1453 932 1538 Cap.
970 1458 1012 1519 58
1049 1456 1067 1538 §
1100 1457 1143 1521 60
1177 1454 1263 1542 (vere
1291 1475 1352 1539 pro

161 1607 322 1694 movere),
357 1616 485 1692 uterque
521 1608 606 1672 iocus
641 1630 660 1672 a
694 1608 771 1671 uiris
802 1606 900 1672 doctis
923 1605 1103 1670 emendatus
1126 1613 1210 1682 erat,
1239 1606 1353 1690 quibus

160 1756 264 1822 Maius
293 1759 487 1845 subscripsit,
511 1758 587 1823 dum
611 1780 650 1823 en
675 1779 743 1824 mea
769 1757 937 1823 bulbatione
961 1757 1121 1842 apparebit
1145 1758 1210 1821 iam
1233 1778 1351 1822 correc-

161 1919 258 1974 torem
281 1909 341 1973 iiia
363 1910 397 1972 in
416 1910 620 2011 palimpsesto
644 1908 833 1973 emendasse.
880 1906 1020 1993 Denique
1042 1908 1076 1971 in
1102 1907 1174 1992 Cap.
1199 1912 1242 1972 40
1266 1911 1284 1991 §
1308 1911 1351 1973 62

160 2059 210 2123 uir
240 2059 347 2125 doetus
375 2062 543 2148 acquiescit
571 2062 605 2124 in
636 2059 713 2125 Maii
744 2061 928 2125 correctione
961 2058 1019 2148 (ede
1043 2079 1106 2145 quo
1126 2057 1352 2147 progrediente

162 2211 305 2276 oratione
344 2209 455 2276 futura
488 2232 539 2277 me
571 2209 737 2276 dicturum
769 2217 847 2297 puto
872 2233 930 2298 pro
962 2210 1000 2276 de
1032 2231 1096 2297 quo
1127 2209 1354 2297 progrediente

162 2363 304 2427 oratione
322 2368 459 2427 ventura
481 2381 533 2426 mc
553 2360 718 2427 dicturum
736 2360 826 2448 puto)
847 2361 963 2426 iamin
983 2364 1063 2427 neatis
1083 2362 1159 2426 olim
1176 2364 1351 2449 proposita,

162 2511 215 2575 sed
238 2513 311 2577 item
327 2513 512 2598 spernenda,
535 2536 609 2578 nam
629 2514 711 2599 quod
735 2513 796 2577 oiri
815 2514 896 2579 docti
917 2515 1107 2579 coniecerant
1126 2513 1356 2592 inuitamenta

160 2662 285 2748 quidem
320 2665 476 2741 consueuit,
511 2686 618 2729 uerum
651 2686 719 2729 mea
753 2663 921 2729 Cobtutiane
945 2665 1070 2728 adiutus
1103 2663 1231 2729 Cebetas
1258 2663 1353 2750 plura

128 2812 130 2816 ⁴
162 2814 332 2900 supplenda
359 2837 466 2879 ueram
497 2815 595 2879 Tullii
629 2837 758 2879 monum
782 2817 935 2880 restituit.
983 2815 1093 2904 Perqit
1117 2819 1166 2882 uir
1190 2819 1296 2883 doetus
1318 2820 1353 2883 in

163 2966 227 3031 toea
255 2965 293 3028 de
317 2965 553 3051 ortboqrapbia‚
577 2967 610 3029 in
635 2988 695 3052 qna
718 2967 794 3052 quid
817 2967 916 3032 altera
936 2969 1036 3054 priori
1057 2969 1185 3034 editioni
1197 2979 1352 3056 praestet,

162 3136 243 3180 nnnc
270 3116 430 3201 inquirere
457 3138 518 3182 uon
545 3119 646 3193 tubet,·
681 3139 743 3183 uno
770 3118 835 3185 loco
868 3119 1042 3207 desunqar‚
1071 3142 1161 3206 quem
1189 3121 1273 3186 idem
1296 3121 1353 3187 ilie

162 3269 265 3356 attiqit
294 3269 336 3357 (p
371 3271 470 3358 667),
505 3268 596 3336 Libri
626 3269 663 3335 ΙΙ
699 3280 744 3335 est
776 3272 849 3359 Cap.
884 3275 903 3336 4
937 3276 954 3357 §
985 3276 1022 3351 7,
1055 3273 1109 3337 ubi
1133 3272 1291 3358 disputant
1313 3273 1352 3338 de

164 3421 345 3486 adventiciis
386 3421 541 3486 uiercibus
580 3422 778 3510 moribusque
810 3425 845 3488 in
878 3424 1007 3489 urbibus
1041 3425 1210 3490 maritimis
1243 3421 1352 3512 (atque

163 3571 262 3636 etiam
294 3591 396 3656 quum
424 3577 556 3636 manent
586 3592 739 3659 corpore,
773 3575 879 3641 animo
906 3583 1016 3643 tamen
1040 3583 1219 3642 excurrunt
1242 3582 1274 3641 et
1297 3596 1352 3641 va-

166 3719 317 3807 gantur),
340 3719 443 3785 Maius
462 3722 645 3789 uarietatem
663 3733 821 3790 notaverat
836 3734 1027 3801 excurrant,
1048 3727 1130 3792 unde
1148 3731 1269 3815 facttum
1286 3735 1353 3790 erat

162 3871 347 3945 excurlant;
379 3872 440 3936 uiri
469 3873 550 3939 docti
577 3879 719 3962 fecerunt
738 3883 930 3955 excursant,
961 3876 1042 3963 quod
1062 3879 1257 3965 inqeniosum
1287 3899 1352 3943 csse

162 4023 245 4088 dinit
261 4033 291 4088 et
312 4023 500 4090 baesitanter
518 4049 579 4092 non
599 4028 729 4115 accepit;
754 4028 808 4093 sed
831 4027 1048 4093 haesitandum
1067 4050 1127 4093 non
1140 4040 1221 4107 erat,
1241 4051 1351 4095 uerum

162 4175 265 4241 codice
299 4176 414 4242 iterum
448 4176 584 4265 inspecto
615 4179 717 4267 tepere
748 4179 896 4245 debuerat
917 4177 1065 4253 exulant;
1088 4183 1135 4247 sie
1159 4184 1245 4245 enim
1266 4190 1352 4246 recte

162 4327 362 4392 emendatum
386 4337 443 4393 est.

207 4478 267 4543 Est
298 4488 401 4544 autem
433 4481 484 4545 bic
514 4502 595 4546 unus
618 4501 634 4546 e
656 4481 764 4546 multis
784 4482 853 4547 iliis
876 4482 969 4560 iocis,
991 4483 1044 4548 ubi
1069 4482 1173 4550 Maius
1196 4486 1351 4572 carpenda

161 4632 297 4718 quadam
321 4632 512 4719 neptiqentia
536 4635 662 4702 miscuit
690 4635 841 4703 secundae
867 4658 979 4704 marnis
1007 4636 1250 4704 emendationem
1279 4659 1349 4704 cum
