2946 5182
445 386 508 431 am.
534 367 592 432 ΙΙΙ.
619 370 636 450 §
662 371 722 446 26,
751 369 805 444 47,
831 366 870 432 t.
898 368 915 449 §
942 371 975 432 6.

613 676 744 742 LIBER
768 677 808 741 V.

164 919 219 987 IV.
246 925 279 986 6.
328 918 490 1007 Perfecit
515 921 695 983 institutis
720 927 755 982 et
775 918 1001 1009 disciplinis,
1027 927 1066 983 ut
1078 918 1198 1009 pudor
1218 923 1309 984 cives

118 1065 186 1105 aion
217 1045 332 1106 miuus
361 1067 383 1105 c
409 1042 551 1105 deliciis
575 1048 734 1117 arceret,
761 1064 863 1127 quam
888 1049 1009 1105 metus.
1058 1039 1160 1104 Codex
1184 1040 1309 1130 adflic-

119 1165 169 1226 tis
199 1185 256 1252 pro
289 1187 311 1227 c
342 1163 484 1226 deliciis
518 1161 601 1226 Maio
631 1160 777 1227 exhibere
800 1158 986 1239 videbatur,
1012 1160 1153 1226 sednon
1177 1163 1222 1226 ita
1242 1173 1309 1240 est,

117 1306 209 1348 verae
240 1283 370 1349 lectioni
400 1285 528 1373 propius
553 1282 675 1347 accedit
698 1282 893 1371 palimpsesti
917 1283 1089 1372 scriptura,
1114 1306 1188 1347 nam
1212 1282 1310 1346 libra-

117 1405 182 1469 rius
214 1404 269 1469 uhi
298 1403 423 1469 volebat
455 1428 477 1466 a
509 1399 652 1466 delictis
686 1401 772 1466 dedit
803 1427 825 1465 a
853 1399 1016 1482 dilictio-
1043 1403 1311 1492 quemadmodum

116 1526 346 1591 inconstantior
370 1537 415 1589 est
439 1525 471 1589 in
496 1524 717 1590 terminatione
743 1547 779 1587 es
805 1537 860 1588 aut
878 1528 931 1602 is,
956 1536 987 1589 et
1005 1525 1038 1588 in
1058 1526 1308 1614 praepositione,

117 1646 158 1712 de
183 1670 245 1736 qua
268 1669 355 1711 nuno
379 1647 499 1735 agitur,
524 1641 567 1708 dc
591 1656 646 1713 aut
670 1641 728 1723 di,
751 1646 794 1710 sic
815 1645 840 1710 Ι.
864 1648 881 1728 §
907 1649 967 1722 43,
990 1649 1052 1724 51,
1076 1651 1117 1710 52
1138 1643 1310 1723 delectus,

117 1780 229 1833 contra
261 1767 287 1832 Ι.
324 1769 341 1850 §
376 1772 418 1831 53
451 1763 623 1843 dilectus,
649 1765 731 1830 etl.
759 1767 776 1849 §⁸
805 1769 845 1829 42
871 1778 1049 1830 correctum
1073 1763 1242 1844 dilectus,
1268 1766 1309 1830 lt.

119 1892 138 1974 §
164 1894 207 1953 24
231 1886 402 1977 diligere,
428 1901 563 1976 utroque
587 1888 657 1951 loco
681 1887 737 1951 ubi
761 1910 779 1951 e
800 1888 989 1976 requiritur,
1011 1899 1046 1952 ut
1063 1887 1105 1952 ll.
1129 1889 1202 1971 §55
1216 1884 1312 1951 deri-

115 2033 201 2100 gere
231 2011 340 2075 vitiose
369 2010 511 2098 sctipsit,
544 2022 653 2074 contra
686 2007 712 2073 I.
749 2010 766 2093 ᾗ
802 2013 843 2072 44
875 2004 1018 2071 delabor
1043 2021 1220 2073 correctum
1244 2021 1310 2087 est,

117 2131 257 2218 denique
282 2130 308 2195 Ι.
336 2135 353 2214 §
378 2134 437 2205 70,
464 2129 507 2194 ΙΙ.
537 2133 554 2214 §
580 2134 624 2194 39
647 2129 745 2194 habet
768 2125 979 2219 discriptio,
1005 2141 1115 2193 contra
1141 2128 1200 2194 HI.
1227 2130 1244 2213 §
1271 2130 1310 2192 17

118 2252 328 2316 describere.

169 2371 231 2439 Sed
263 2372 343 2437 haec
378 2372 417 2437 de
452 2371 573 2435 librarii
606 2371 817 2435 inconstantia
853 2370 1030 2448 sufficiant,
1067 2369 1104 2433 iis
1136 2369 1192 2457 qui
1221 2367 1314 2457 plura
1407 2431 1408 2434 ,

117 2494 299 2560 desiderent
330 2493 469 2582 amplam
505 2491 686 2581 disputandi
718 2492 883 2556 materiem
914 2490 1044 2580 praehet
1076 2490 1199 2578 integra
1231 2511 1313 2576 quae

115 2619 183 2681 iam
220 2613 363 2702 sequitur
398 2612 557 2678 Lectionis
595 2611 753 2690 Varietas,
789 2635 884 2700 quam
921 2611 1154 2676 accuratissime
1178 2608 1312 2674 exhibeo

114 2737 173 2802 issa
196 2748 346 2823 typorum
369 2734 470 2799 forma
495 2757 589 2812 usus,
624 2756 705 2822 quae
731 2756 826 2821 quam
849 2732 980 2797 minime
1006 2731 1125 2798 recedit
1155 2755 1173 2795 a
1197 2729 1313 2796 codicis

116 2858 288 2947 scriptura.
