2946 5182
618 380 881 429 arrrnoruonrs.
1274 366 1334 429 147

143 550 205 616 ubi
238 551 386 640 equidem
421 553 698 639 interpretamur
730 550 820 639 lego,
861 549 946 639 quod
983 551 1031 616 rel
1066 551 1132 616 siue
1166 550 1333 619 collatione

143 673 270 738 restitui
292 673 461 739 debuisset.
511 672 608 737 Recte
632 683 736 736 autem
761 694 793 761 p.
821 674 885 737 216
911 694 941 738 r.
968 674 1008 737 21
1035 684 1067 739 et
1093 676 1134 738 25
1159 672 1257 738 edidit
1281 678 1335 738 in-

144 796 420 883 terpretatione,
445 793 501 858 ubi
523 793 557 858 in
581 791 689 858 codice
713 791 760 857 bis
778 803 824 858 est
842 795 1051 872 intentione,
1070 816 1166 881 quam
1189 794 1331 860 vitiosam

143 915 335 1004 scripturam
360 912 496 982 Orellius
520 912 688 981 defendere
712 926 862 991 conatus,
888 936 1015 1002 operam
1040 914 1191 1004 perdidit.

195 1034 305 1101 Editor
322 1035 482 1100 adnotavit
501 1042 583 1100 roc.¹
598 1043 671 1099 tres
694 1057 760 1101 esse
786 1048 970 1125 corruptum
989 1059 1022 1125 p.
1049 1039 1114 1101 208
1128 1058 1158 1100 r.
1177 1038 1238 1116 10,
1258 1033 1335 1126 Cap.

144 1155 282 1240 IV§1:
310 1156 414 1222 «Post
437 1155 516 1222 haec
535 1156 792 1234 meminerimus,
819 1156 894 1221 alias
917 1179 983 1223 esse
1006 1156 1231 1221 controversias
1260 1158 1337 1222 sim·

143 1277 262 1367 plices‚
287 1277 363 1342 alias
387 1277 580 1342 coniunctas.
629 1274 811 1366 Simplices,
837 1285 911 1341 tres
934 1289 1031 1343 status
1054 1276 1190 1356 habere,
1215 1276 1248 1341 id
1267 1288 1334 1354 est,

145 1411 204 1463 aut
227 1420 290 1463 non
311 1398 392 1477 feci,
415 1411 469 1463 aut
492 1420 556 1463 non
579 1397 640 1463 hoc
663 1397 744 1476 feci,
770 1409 824 1462 aut
847 1398 916 1463 iure
938 1397 1021 1477 feci,
1044 1409 1077 1463 et
1100 1410 1215 1464 cetera.
1247 1395 1334 1463 Gon·

145 1520 271 1585 iuuctas
310 1542 385 1585 vero
420 1518 551 1584 totidem
586 1531 683 1584 status
717 1518 907 1608 plerumque
941 1519 1080 1608 recipere
1114 1542 1224 1608 posse,
1258 1533 1335 1607 quot

142 1640 210 1705 sint
231 1640 363 1704 crimina
383 1640 433 1705 rel
455 1640 608 1729 species.»
645 1638 683 1704 In
708 1637 820 1704 codice·
837 1647 911 1703 tres
931 1638 1037 1718 deest,
1064 1639 1185 1705 Maium
1206 1652 1335 1730 apparet

142 1760 244 1850 igitur
274 1760 463 1850 supplevisse
486 1760 526 1826 de
550 1782 607 1825 suo
630 1759 839 1839 vocabulum,
869 1759 955 1848 quod
977 1761 1044 1850 ipse
1070 1759 1188 1825 fatetur
1212 1773 1334 1826 senten-

140 1882 210 1947 tiae
238 1904 301 1947 non
335 1883 516 1962 convenire;
551 1881 688 1970 denique
718 1903 890 1946 numerum
921 1892 1060 1946 statuum
1091 1880 1239 1969 equidem
1270 1904 1335 1947 non

141 2001 307 2081 desidero,
332 2002 417 2067 aliud
438 2000 515 2091 quid
533 2001 666 2081 excidit,
688 2002 722 2068 ni
740 2001 852 2080 fuller,
873 2000 1016 2067 definitio
1035 2001 1165 2067 fortasse
1184 2002 1334 2093 simplicis

143 2124 388 2189 controversiae.

194 2243 351 2310 Remeato
380 2244 496 2310 lineola
519 2266 556 2309 er
579 2245 719 2334 perfecto
746 2244 928 2310 faciendum
954 2257 1001 2310 est
1022 2245 1165 2310 futurum
1189 2257 1335 2311 exactum

140 2366 181 2430 in
216 2365 279 2432 fine
313 2364 407 2430 huius
443 2369 481 2450 §,
517 2388 550 2454 p.
585 2368 650 2430 208
682 2387 710 2430 r.
738 2367 800 2430 17:
851 2364 1017 2430 «ntideo
1042 2388 1142 2454 quum
1166 2366 1336 2431 inciderit

140 2487 320 2574 composita
348 2509 460 2565 eausa,
484 2485 594 2550 licebit
617 2508 688 2550 eam
711 2487 755 2551 sic
778 2498 913 2551 tractare
937 2487 1027 2575 quasi
1049 2487 1155 2576 plures
1179 2511 1334 2554 causas.»

191 2606 268 2696 Pag.
295 2612 360 2673 209
386 2631 414 2674 r.
442 2612 484 2674 38
508 2606 585 2673 ibid.
614 2609 632 2692 §
657 2610 688 2672 2.
737 2606 845 2673 «Veri
869 2607 978 2672 similis
1000 2607 1141 2674 defensio
1165 2623 1230 2687 est,
1253 2633 1334 2698 quae

137 2727 333 2818 plerumque
360 2729 475 2794 horum
505 2740 764 2818 argumentorum
793 2739 839 2794 est
867 2729 1121 2816 confirmatio.»
1152 2729 1257 2796 Codex
1280 2752 1334 2795 ex·

137 2849 236 2915 hibet
258 2849 492 2937 confirmare,
516 2849 550 2915 id
573 2862 619 2915 est
642 2850 907 2937 confirmatrice,
933 2849 1018 2938 quod
1041 2851 1138 2940 recipi
1161 2863 1274 2940 potest.

191 2969 409 3037 Necessarium
441 2993 505 3036 non
536 2983 603 3036 erat
633 2970 753 3035 Victori
783 2969 951 3037 obtrudere
982 2971 1112 3036 verbum
1124 3021 1133 3051 ‚
1158 2973 1243 3060 quod
1267 2974 1333 3063 ipse

138 3112 212 3156 non
243 3092 365 3182 scripsit
395 3114 454 3157 nec
484 3091 650 3170 librarius,
681 3114 713 3180 p.
748 3094 813 3156 210
838 3114 868 3155 r.
893 3095 935 3156 23
960 3092 993 3156 in
1015 3092 1076 3158 hac
1099 3096 1329 3160 controversia:

138 3212 229 3277 «Vir
249 3212 337 3279 fortis
354 3212 470 3278 habeat
480 3212 677 3302 praemium,
703 3211 832 3300 quidam
843 3212 967 3277 fortiter
978 3213 1072 3292 fecit,
1095 3216 1235 3302 praemio
1248 3239 1332 3307 cap·

140 3336 241 3400 tinae
268 3332 454 3421 [mulieris]
470 3334 596 3422 nuptias
621 3333 761 3423 aceepit,
786 3355 907 3399 veneno
930 3334 1045 3422 periit,
1069 3358 1121 3400 rea
1145 3349 1191 3402 est
1209 3338 1332 3427 captiua

138 3455 329 3521 veneficii.»
368 3454 419 3522 uf.
444 3455 545 3520 simile
568 3455 747 3545 exemplum
769 3479 802 3544 p.
829 3459 895 3521 200
907 3477 937 3520 r.
955 3457 1016 3534 16,
1041 3455 1097 3521 ubi
1119 3457 1195 3522 item
1217 3459 1332 3524 sufficit

140 3579 301 3666 captiva.

190 3693 276 3785 sigla
295 3695 417 3762 litterae
440 3721 462 3784 q
485 3697 568 3762 male
589 3695 750 3761 intellecta
774 3694 814 3759 ab
837 3694 956 3760 editore
980 3695 1090 3761 vitium
1114 3713 1328 3787 pepererunt,

137 3814 229 3906 quod
258 3816 340 3882 Maio
374 3829 407 3882 et
438 3815 556 3882 Orellio
587 3817 636 3881 rix
659 3817 819 3905 ignoscere
842 3817 973 3905 poteris3
1004 3830 1050 3882 est
1072 3840 1145 3906 pag.
1171 3820 1269 3887 eiusd.
1294 3845 1324 3888 r.

138 3940 199 4003 27.
259 3961 280 4000 «
292 3935 430 4002 Consilia
463 3937 559 4003 etiam
597 3936 821 4015 tractabimus,
862 3936 955 4025 quod
988 3937 1116 4027 quidem
1147 3941 1180 4005 in
1218 3941 1327 4009 huius·

137 4056 230 4123 modi
264 4058 480 4124 controversiis
514 4057 582 4123 viee
618 4057 683 4122 reri
720 4056 828 4123 similis
863 4057 1052 4125 defensionis
1092 4060 1152 4128 boc
1191 4063 1224 4127 in
1258 4063 1328 4129 loco

136 4173 266 4264 plenius
299 4175 535 4262 exsequimur.»
572 4174 673 4241 Nemo
704 4198 768 4241 non
801 4176 877 4242 vidit
907 4159 949 4266 ᾇ,
981 4177 1014 4242 id
1038 4191 1084 4245 est
1107 4182 1327 4271 900010000-

139 4294 222 4360 dum
245 4317 322 4360 esse.

188 4412 358 4480 Adnotarit
389 4416 490 4482 Maius
510 4417 548 4481 ad
572 4418 667 4484 rerba
691 4418 768 4484 ibid.
794 4441 822 4485 r.
849 4423 911 4484 38:
962 4420 1071 4486 «Tres
1093 4423 1191 4512 igitur
1214 4423 1329 4513 reliqui

138 4537 205 4603 loci
237 4535 442 4604 divisionem
473 4537 677 4628 fungentur»
713 4539 756 4604 sic
788 4540 850 4629 legi
880 4541 912 4605 in
945 4540 1074 4620 codice,
1106 4543 1159 4608 sed
1190 4566 1254 4607 non
1285 4544 1328 4606 ita

138 4671 210 4749 est,
233 4677 308 4720 nam
329 4656 477 4722 librarius
501 4658 544 4723 sic
568 4656 673 4724 dedit:
702 4637 869 4739 divisim,
892 4660 981 4726 idest
994 4661 1186 4741 diuisione,
1208 4664 1330 4729 etiamsi

1047 4781 1106 4834 16*
