2946 5182
577 381 838 429 nuunusslottos

156 547 351 639 Recipiende
383 549 506 615 videtur
529 548 589 616 hac
612 551 723 617 eadem
746 575 817 642 pag.
844 576 872 617 6.
901 555 943 619 29
968 553 1120 619 correctio
1145 552 1299 618 'secundae

106 693 239 736 munus:
289 668 406 736 «Sales
436 671 531 736 etiem
562 672 596 735 in
627 670 765 737 dicendo
795 674 930 738 nimium
962 683 1129 763 quantum
1152 674 1302 752 66166161

108 791 228 857 lineola
252 791 399 857 subduxit
419 814 488 857 roc.
511 801 677 881 quantum
698 792 924 883 adscripsitque
944 794 1040 883 qnid.
1065 833 1110 845 -
1133 795 1171 860 In
1191 817 1302 874 versu,

110 912 168 1001 qui
213 913 375 1001 sequitur:
423 912 595 978 «hilaritas
629 913 883 980 benevolentiam
918 915 1086 995 conciliat,
1118 940 1175 1006 per
1207 939 1304 1007 quem

109 1033 245 1099 excitata
275 1046 367 1112 est‚»
399 1033 495 1100 codex
524 1033 620 1100 habet
642 1057 701 1124 pro
725 1058 823 1124 quem
846 1036 985 1103 litteram
1008 1062 1030 1127 q
1053 1060 1127 1103 cum
1152 1060 1169 1102 6
1192 1060 1303 1126 supra-

111 1154 227 1244 scripta
250 1167 282 1221 et
305 1154 421 1220 lineola
452 1153 571 1221 caudae
595 1154 796 1236 inhaerente;
831 1179 895 1223 non
918 1158 1049 1224 offendit
1072 1159 1183 1236 lectio,
1208 1157 1302 1223 dum·

108 1274 205 1342 modo
228 1276 345 1342 inseras
369 1280 544 1365 pronomen
569 1280 603 1340 ei
627 1289 699 1342 ante
717 1299 788 1367 per
812 1301 909 1365 quem
934 1302 962 1343 e.
989 1301 1017 1344 e.

157 1394 239 1460 Tum
261 1394 338 1462 ibid.
365 1419 394 1462 r.
426 1399 467 1461 42
490 1396 708 1462 rescribendus
732 1410 778 1464 est
799 1421 835 1464 ex
857 1397 966 1465 oodice
985 1397 1117 1488 pluralis
1137 1421 1301 1465 numerus:

112 1515 189 1582 «Ut
212 1517 237 1581 is
261 1517 317 1605 qui
340 1515 466 1595 audiet,
492 1518 607 1606 cogitet
625 1518 712 1608 plus
737 1541 833 1607 qnam
856 1517 997 1584 rideat.»
1045 1520 1129 1608 Lege
1146 1521 1271 1609 plura.

152 1635 313 1703 'Similiter
339 1637 471 1728 pluralis
502 1637 724 1727 compendiose
754 1639 871 1728 legitur
902 1641 988 1704 16666
1018 1641 1052 1704 in
1083 1639 1191 1705 codice
1224 1637 1302 1729 Cap.

112 1757 242 1836 XVIII,
272 1781 345 1848 pag.
376 1762 441 1823 250
466 1782 496 1824 6.
526 1762 579 1823 14.
630 1758 743 1844 «Quid
766 1761 792 1824 si
815 1760 898 1849 leges
921 1760 1011 1849 loqui
1034 1762 1172 1851 possint,
1198 1784 1304 1827 nonne

110 1879 172 1944 hoc
195 1877 280 1968 apud
303 1901 356 1944 666
381 1880 617 1967 querenturin

156 2000 255 2066 Recte
291 1997 428 2066 Orellius
461 1999 495 2064 in
530 1999 591 2066 hoc
625 2000 694 2066 loco
726 2001 836 2066 vitioso
860 2001 936 2067 ibid.
961 2026 991 2067 6.
1019 2005 1080 2067 et:
1131 2027 1152 2066 «
1162 2003 1303 2069 Primum

111 2121 254 2187 animum
279 2120 428 2186 auditoris
452 2122 562 2186 mitem
586 2133 618 2186 ct
640 2092 875 2188 misericordem
899 2124 1056 2190 conficere
1075 2134 1217 2214 oportet,
1239 2146 1304 2212 quo

109 2242 301 2332 plerumque
321 2241 446 2308 facilius
466 2245 741 2329 conquestionem
762 2261 966 2309 commonere
981 2245 1120 2332 poscito>
1141 2247 1303 2336 proposuit

110 2361 316 2430 eOicerone
349 2361 521 2428 rescribere
552 2366 794 2450 conquestione
824 2369 1047 2442 commoveri‚·
1073 2368 1177 2432 notari
1200 2378 1304 2455 potest

111 2483 285 2550 ablativum
309 2484 403 2573 legi
394 2507 428 2548 rn
453 2482 572 2549 codice.

117 2604 300 2672 Verbum
323 2605 428 2671 omisit
452 2603 554 2670 editor
578 2601 656 2694 (lap.
684 2604 838 2694 xlx,p.
863 2609 924 2671 251
952 2630 982 2672 6.
1007 2610 1058 2672 12.
1107 2608 1303 2675 «bererum

108 2749 184 2793 rero
219 2725 420 2816 dispositione
455 2749 512 2816 per
546 2725 669 2816 singule
705 2725 848 2792 membra
878 2739 947 2792 orat
948 2727 1048 2808 ionis,
1080 2728 1112 2794 id
1146 2740 1199 2794 est
1231 2752 1303 2796 curn

108 2846 295 2938 prohoemio
319 2859 351 2913 et
373 2848 554 2912 narratione
575 2859 607 2912 et
631 2848 742 2913 ceteris
760 2846 912 2913 traditum
938 2849 1125 2938 accepisti.»

156 2969 195 3034 ln
227 2969 297 3034 loco
328 2967 368 3033 de
399 2968 577 3034 elocutione
611 2965 690 3056 Cap.
726 2967 806 3046 XX,
831 2968 879 3034 bis
902 2968 1007 3058 lapsus
1030 2982 1077 3035 est
1100 2970 1201 3036 Maius
1226 2972 1303 3046 scri,-

108 3088 207 3168 bcns,
231 3113 265 3178 p.
292 3091 354 3153 251
381 3111 411 3152 6.
441 3090 499 3152 16:
549 3087 727 3154 «Elocutio
750 3100 782 3153 et
806 3088 920 3155 Latine
942 3089 1037 3158 debet
1061 3115 1126 3157 esse
1147 3104 1178 3157 et
1198 3103 1298 3184 opta.

108 3209 208 3300 Apta
232 3209 292 3275 erit
315 3207 433 3275 utendo
457 3208 655 3298 signantibus
678 3220 709 3274 et
733 3210 866 3297 propriis
892 3209 992 3277 verbis
1016 3223 1048 3276 ct
1067 3213 1209 3292 usitatis,
1235 3214 1302 3281 sine

110 3331 298 3420 ambiguo.»
346 3329 508 3397 Librarius
531 3343 700 3420 utramque
724 3331 788 3397 sic:
814 3353 834 3404 n
858 3333 1000 3422 scripsit,
1022 3335 1112 3424 atqui
1130 3334 1303 3424 legendum

110 3464 176 3520 est:
227 3452 403 3518 «Elocutio
434 3465 466 3518 et
496 3452 609 3518 Latina
632 3451 727 3518 debet
749 3475 815 3519 esse
839 3466 871 3518 et
894 3463 1033 3545 aperto.
1083 3455 1220 3545 Aperta
1243 3458 1303 3522 crit

111 3585 217 3653 cet.;>›
250 3574 397 3638 convenit
428 3585 535 3638 autem
566 3573 627 3639 hoc
659 3593 733 3639 cum
763 3573 978 3658 Quinctiliano
1009 3575 1036 3640 I.
1074 3573 1113 3640 0.
1141 3576 1230 3642 VIII.
1259 3580 1301 3656 1,

101 3698 300 3786 perspicua
323 3693 418 3759 rerba
441 3695 672 3784 praecipiente,
697 3706 729 3759 et
752 3717 827 3760 cum
851 3693 945 3762 duct.
969 3694 1010 3760 ad
1030 3696 1107 3762 Her.
1132 3697 1190 3763 IV.
1206 3699 1223 3782 §
1239 3700 1301 3778 17,

109 3937 198 4004 addit
228 3937 436 4027 «explanatio
465 3949 531 4015 est,
563 3939 652 4024 quae'
668 3936 770 4004 reddit
793 3948 955 4028 opertam
978 3950 1011 4005 61
1034 3938 1206 4006 dilucidam
1229 3965 1300 4007 ora—

109 4059 268 4125 tionem.»

112 4232 114 4236 .
156 4180 280 4246 Interiit
309 4202 372 4244 une
403 4180 507 4246 littera
539 4180 651 4244 omissa
681 4179 889 4268 praepositio,
923 4201 1004 4268 quse
1035 4181 1101 4247 sine
1132 4182 1229 4247 dubio
1254 4206 1301 4249 re·

110 4302 278 4370 scribenda
297 4314 344 4369 est
373 4325 447 4391 pag.
478 4305 544 4367 253
567 4324 597 4367 6.
624 4304 664 4366 9:
715 4300 813 4368 «Nec
837 4314 911 4368 6666
936 4300 975 4366 ed
998 4301 1081 4367 hanc
1105 4301 1301 4392 diligentiam

108 4424 281 4513 redigimus
322 4435 499 4502 oratorem,
544 4436 579 4488 ut
614 4424 647 4488 in
683 4435 840 4489 structura
875 4447 998 4514 semper
1031 4425 1127 4525 pedes
1161 4427 1299 4517 singulos

1052 4529 1059 4555 1

107 4571 307 4657 conspiciat
340 4582 371 4634 et
397 4567 568 4638 collocet.»
612 4567 705 4634 Dedit
730 4570 814 4635 enim
836 4568 982 4636 librarius
1013 4551 1225 4659 «cc-’iprcratn
1267 4571 1299 4636 id

108 4688 158 4741 est
183 4677 459 4764 circumspiciat.
1256 4699 1260 4703 ·

1019 4798 1078 4850 1'7l
