2946 5182
139 358 201 420 148
582 376 611 421 c.
638 375 747 422 tomos
773 375 893 423 vroron

135 544 251 609 lineola
284 545 406 610 litterae
442 550 459 608 c
493 546 596 635 potius
631 545 841 634 suprascripta
870 545 909 608 sit
940 566 1036 633 quarn
1069 567 1098 608 o.
1149 543 1273 611 Contra
1297 544 1334 610 in

140 665 232 730 rerbo
255 665 447 755 fungentur
469 667 555 755 prior
578 690 600 730 n
623 665 722 733 deest.

183 786 370 851 Revocanda
394 798 440 851 est
463 786 643 851 coniunctio
669 795 723 864 et,
748 808 845 874 quam
863 784 965 851 editor
983 785 1067 852 male
1085 785 1214 852 exulare
1239 786 1336 851 iussit

138 905 216 971 ibid.
245 910 316 992 §4,
341 930 412 996 pag.
437 911 501 972 212
526 931 555 972 r.
582 912 614 972 3.
652 904 824 995 «Sequens
844 906 932 972 locus
951 918 1016 986 est,
1037 906 1141 996 legem
1162 930 1231 972 esse
1251 928 1335 972 con-

138 1028 266 1093 trariam
294 1028 422 1094 vetustis
450 1027 592 1117 legibus,
616 1039 652 1092 ut
676 1025 902 1092 Demosthenes
926 1027 1071 1093 adversus
1095 1025 1336 1093 Androtioncm

140 1160 173 1215 ct
196 1148 366 1216 Aeschines
389 1149 534 1215 adversus
560 1146 797 1237 Ctesiphontem
818 1149 974 1214 faciunt.»
1012 1148 1079 1215 Nec
1101 1147 1189 1215 deest
1212 1147 1337 1237 copula

138 1271 207 1337 loco
228 1271 387 1336 simillimo
410 1272 443 1334 in
466 1292 576 1349 versu,
603 1271 774 1359 quistatim
786 1270 965 1359 praecedit:
993 1281 1052 1334 «ut
1065 1268 1189 1335 Marcus
1204 1267 1337 1335 Tullius

139 1392 178 1458 de
201 1392 271 1480 lege
295 1391 416 1479 agraria
440 1390 533 1470 facit,
559 1399 592 1455 et
617 1389 695 1457 Cato
720 1414 850 1481 saepe.»

185 1511 327 1577 Eandem
350 1512 607 1577 coniunctionem
630 1511 712 1576 male
736 1511 840 1576 omisit
863 1510 916 1576 ille
940 1511 1048 1599 paucis
1070 1509 1213 1575 versibus
1235 1522 1336 1601 post,

139 1657 169 1698 v.
205 1636 242 1697 ll
277 1631 333 1697 ubi
363 1632 443 1697 duae
471 1633 699 1698 controversiae
723 1643 954 1721 proponuntur.
1003 1655 1025 1695 «
1038 1630 1087 1696 Ab
1110 1630 1334 1698 obscuritate:

141 1775 218 1842 quos
248 1751 333 1817 dicat
363 1751 497 1830 liberos,
531 1764 638 1817 utrum
669 1752 827 1817 naturales
851 1775 891 1817 an
915 1751 1092 1842 adoptivos,
1116 1761 1152 1816 et
1174 1764 1294 1818 utrum
1318 1776 1339 1818 a

140 1896 172 1938 se
195 1885 301 1949 natos,
328 1895 368 1936 an
391 1872 468 1951 hos,
494 1873 550 1962 qui
573 1873 647 1939 inde
670 1887 877 1939 nascentur.»

185 1994 279 2058 Plura
310 1994 414 2058 omisit
445 1993 566 2072 Mune,
602 2005 637 2059 ut
667 1994 787 2060 librarii
818 1995 919 2060 solent
943 2016 1042 2083 quum
1064 1993 1149 2059 idem
1172 1994 1340 2083 repetitur

140 2115 286 2194 verbum3
326 2113 410 2202 quod
445 2115 470 2178 si
504 2113 686 2203 typothetae
717 2114 908 2204 negligentia
941 2114 1075 2193 accidit,
1099 2113 1235 2179 editoris
1264 2127 1340 2181 crat

141 2258 215 2301 eum
246 2235 412 2324 corrigere.
452 2232 504 2300 Sic
528 2234 618 2300 nohis
639 2236 734 2325 periit
757 2258 820 2299 una
844 2234 883 2301 de
908 2234 1134 2301 universalibus
1158 2236 1339 2326 propositi·

141 2356 277 2435 onibus,
301 2379 374 2447 pag.
400 2354 469 2421 ead.
496 2379 526 2421 r.
555 2359 616 2421 15:
651 2379 723 2420 «an
744 2357 863 2421 iustum
886 2355 1083 2421 indemnatos
1112 2361 1259 2436 necari,
1287 2382 1339 2425 aot

140 2481 228 2543 utile
259 2482 398 2542 iuvenes
431 2478 557 2556 necari,
590 2500 630 2541 arr
659 2478 732 2568 ipsis
756 2500 884 2566 quoque
907 2477 1048 2568 patribus
1072 2476 1226 2542 inutile.»
1245 2457 1338 2545 'Nec

141 2598 258 2663 diutins
273 2608 402 2688 potres
424 2599 472 2664 illi
495 2599 579 2665 nude
602 2599 695 2689 positi
718 2622 783 2664 non
805 2599 989 2677 habebunt,
1015 2596 1098 2663 unde
1120 2597 1303 2687 pendeant.

185 2719 296 2786 Editor
326 2720 417 2786 nobis
448 2733 557 2786 auctor
587 2733 633 2786 est
662 2719 803 2786 codicem
827 2743 884 2808 pro
907 2721 964 2783 ccl
984 2718 1100 2784 habere
1123 2720 1221 2783 velut
1246 2743 1282 2808 p.
1308 2721 1335 2788 l.

140 2865 169 2907 r.
197 2847 251 2907 35.
301 2844 431 2908 «Possit
453 2841 506 2908 hic
529 2843 666 2907 fortassis
690 2855 721 2908 et
744 2841 936 2931 comparatio
968 2841 1157 2930 qualitatum
1186 2843 1334 2908 moveri:

141 2975 249 3028 utrum
281 2964 328 3028 illi
358 2964 471 3029 melius
502 2964 597 3029 fuerit
628 2987 692 3028 non
725 2964 831 3029 ridere
862 2962 990 3028 omnino
1021 2962 1144 3040 filium,
1169 2984 1212 3026 an
1236 2965 1338 3028 velut

141 3084 238 3150 talem
256 3084 409 3149 ridere.»
446 3083 488 3148 At
507 3084 653 3150 librarius
677 3083 763 3150 dedit
787 3086 841 3148 ult
862 3106 936 3149 eum
958 3082 1074 3148 lineola
1097 3094 1277 3149 transversa
1300 3086 1338 3150 in

143 3207 175 3285 l,
210 3229 271 3295 qua
301 3206 430 3270 omnino
458 3228 522 3270 non
553 3208 648 3271 velut
677 3206 891 3295 significatur,
924 3217 970 3270 est
1000 3205 1092 3283 nult,
1117 3203 1204 3293 quod
1230 3227 1337 3295 quum

142 3327 195 3393 hic
219 3326 375 3405 offendat,
398 3349 472 3391 rera
494 3326 587 3392 lectio
611 3326 893 3415 circumspicienda
916 3326 974 3391 crit
998 3324 1113 3391 adhuc.

154 3428 155 3435 ἵ
188 3448 312 3513 interiit
335 3446 485 3524 terbum,
511 3446 595 3534 quod
619 3446 740 3512 Victori
762 3446 959 3511 reddendum
982 3469 1047 3511 esse
1071 3444 1217 3526 ridetur,
1248 3446 1333 3514 ibid.

144 3572 162 3654 §
199 3576 238 3647 5,
274 3592 346 3658 pag.
385 3571 449 3633 213
485 3591 514 3632 r.
544 3572 605 3646 13,
630 3579 676 3632 est
698 3566 785 3632 locus
809 3566 847 3631 de
867 3579 1011 3631 matrona
1042 3565 1186 3653 cynicam
1209 3580 1336 3634 sectam

144 3701 323 3755 exercente:
358 3713 379 3753 «
390 3712 430 3754 an
463 3712 562 3778 quum
586 3689 710 3754 affectet
733 3687 858 3752 insolita
880 3687 1027 3765 feminis,
1051 3686 1134 3751 male
1158 3687 1264 3767 vivat,
1291 3713 1336 3755 an

145 3831 243 3898 quum
278 3811 453 3875 litterarum
484 3821 563 3874 artes
595 3807 752 3896 affectet,
786 3831 826 3872 an
858 3831 957 3896 quum
984 3805 1264 3897 philosophorum,
1291 3833 1335 3875 an

146 3953 244 4019 quum
289 3931 432 4017 cynicam
466 3929 568 4018 legem
603 3941 789 4016 sequatur.»
857 3929 961 3995 Tertio
989 3928 1058 3994 loco
1089 3927 1195 3994 deesse
1226 3942 1338 4020 potest

144 4051 299 4127 verbum,
324 4063 433 4115 contra
454 4050 591 4116 secundo
615 4051 796 4140 requiritur.

190 4152 342 4269 Sequenti
364 4173 396 4256 §,
416 4195 445 4236 v.
461 4175 502 4236 25
528 4171 625 4239 edidit
648 4173 761 4238 Maius:
789 4170 1019 4236 «Destruimus
1044 4182 1150 4235 autem
1173 4170 1333 4254 locisVl,

144 4295 343 4372 coniectura,
393 4293 563 4381 qualitate,
611 4293 814 4372 definitione,
857 4291 1079 4371 translatione,
1128 4293 1333 4380 quantitate,

142 4415 413 4505 comparatione.»
460 4414 547 4478 Haec
581 4427 666 4479 recte
701 4414 897 4505 procedunt,
935 4424 1073 4479 attamen
1108 4413 1205 4478 coder
1231 4414 1335 4484 habet

143 4537 252 4602 «locis
282 4537 323 4624 ijl
333 4561 367 4614 ,n
400 4558 461 4624 quo
487 4535 615 4599 derebus
639 4548 693 4600 aut
717 4540 765 4600 e'z's
789 4535 838 4601 rel
863 4537 919 4599 his
944 4536 1157 4624 significatum
1181 4537 1334 4606 credide·

143 4660 222 4738 rim,
255 4657 333 4722 illud
365 4681 461 4743 nexus
492 4657 629 4747 respuit,
659 4681 768 4723 rernm
792 4657 852 4724 hoc
874 4657 936 4746 legi
959 4656 1070 4736 debet,
1096 4657 1214 4746 quippe
1242 4662 1332 4750 quod
