2946 5182
140 355 181 416 20
515 366 633 416 cronno
658 367 701 413 ou
727 368 768 414 ar
793 367 947 414 runrrcr.

138 542 248 610 ordine
278 550 462 631 persecutus
488 561 506 602 a
529 536 669 607 secundo
693 560 794 626 usque
817 536 857 603 ad
880 561 1002 605 nouum
1025 537 1188 605 saeculum
1212 535 1334 626 (scrip-

138 677 244 730 turam
268 660 428 726 uncialem
451 671 483 724 et
505 658 694 724 maiusculas
717 671 843 725 tantum
866 659 973 749 volo),
998 659 1037 726 dc
1060 658 1214 725 industria
1238 656 1334 722 illam

138 783 270 874 egregiis
301 779 431 846 adiectis
459 779 576 845 tabulis
605 779 792 858 illustrarit,
825 780 965 870 primum
988 779 1109 846 scilicet
1130 779 1238 844 locum
1263 775 1335 841 Va-

137 907 243 974 ticano
262 915 368 969 nostro
389 899 500 967 Godici
519 901 722 990 assignaverit
740 902 774 966 in
793 924 908 991 magna
928 902 1136 993 specimiuum
1153 897 1333 964 unciolium

138 1026 336 1093 collectione.
387 1020 478 1108 Quod
509 1021 588 1086 siin
609 1021 719 1088 multis
742 1021 908 1088 ferendum
931 1022 1103 1099 virescet,
1130 1018 1253 1086 Gallico
1277 1018 1333 1085 isti

138 1144 296 1213 scribendi
319 1143 470 1231 magistro
492 1142 613 1231 ignosci
635 1142 764 1231 nequit,
790 1143 907 1233 quippe
931 1142 983 1208 cui
1007 1141 1046 1207 ad
1070 1162 1201 1206 manum
1223 1151 1334 1206 essent

139 1267 312 1358 scripturae
332 1264 472 1330 diversae
493 1261 586 1352 longe
602 1263 728 1353 plures,
750 1286 887 1353 quarum
904 1276 1052 1329 naturam
1069 1274 1102 1329 et
1121 1261 1334 1350 proprietates

139 1388 269 1454 omnino
292 1407 357 1450 nou
380 1382 559 1472 ignorabat.
608 1382 676 1449 Noc
699 1394 766 1449 erat
788 1404 845 1449 cur
867 1383 927 1449 sibi
949 1383 1071 1472 imponi
1093 1393 1256 1472 pateretur
1278 1382 1332 1450 rel

141 1507 182 1572 ab
209 1505 332 1595 dngclo
366 1504 472 1584 Maio,
501 1505 558 1594 qui
580 1503 620 1568 ad
643 1504 820 1570 litterarum
843 1504 978 1570 formam
1001 1526 1065 1569 uon
1089 1504 1162 1570 satis
1183 1503 1335 1572 attende·

140 1628 215 1707 bat,
246 1650 308 1717 qua
339 1627 372 1692 in
403 1649 438 1693 re
465 1638 531 1693 tota
554 1638 695 1693 versatur
718 1626 880 1716 quaestio,
904 1626 968 1691 iarn
991 1625 1025 1690 iu
1047 1647 1197 1691 mensura
1219 1648 1334 1692 earum

81 1775 84 1782 ·
141 1748 331 1828 subsistens,
364 1769 446 1836 quae
481 1746 560 1814 adeo
584 1747 740 1827 fluctuat,
765 1758 801 1812 ut
823 1744 864 1811 ad
887 1757 1023 1813 aetatem
1046 1745 1261 1813 definiendam
1285 1748 1336 1815 nil

142 1869 317 1961 quidquam
347 1890 418 1934 eam
448 1868 553 1935 facore
576 1866 687 1934 doceat
712 1867 816 1956 quinti
836 1867 954 1934 saeculi
978 1867 1134 1957 Virgilius
1154 1867 1336 1935 Vaticanus

142 1990 200 2058 ΝΟ.
232 1993 340 2068 3867,
374 1988 452 2056 Silr.
486 1989 552 2055 tab.
586 1993 650 2067 60,
687 2010 811 2054 necnon
844 1988 964 2055 Gallius
995 1989 1156 2055 Palatinus
1181 1988 1238 2056 ΝΟ.
1264 1993 1333 2071 24,

142 2133 279 2200 quorum
309 2110 432 2176 litterae
465 2110 558 2175 unius
590 2109 703 2175 unciae
732 2108 985 2197 magnitudinem
1016 2121 1198 2199 superantes
1221 2122 1336 2177 tamen

141 2230 282 2299 eiusdem
324 2231 442 2296 saeculi
476 2242 549 2295 sunt
584 2252 621 2295 ac
653 2228 795 2296 Sallustii
829 2228 975 2295 Vaticani
1010 2231 1164 2321 scriptura
1198 2230 1334 2298 dimidio

141 2352 266 2430 minor,
301 2374 363 2440 qua
395 2374 502 2417 rursus
533 2348 664 2415 dimidio
687 2350 792 2415 minor
814 2362 860 2416 est
885 2349 1050 2416 Terentius
1074 2351 1245 2418 Vaticanus
1270 2352 1333 2420 N⁰.

142 2476 253 2552 3226,
287 2472 353 2562 qui
374 2484 500 2562 superat
523 2471 628 2537 adhuc
652 2471 783 2538 Liviana
802 2472 978 2562 fragmenta
1001 2472 1203 2562 palimpsesta
1225 2473 1332 2542 Palat.

142 2593 201 2661 N⁰.
226 2598 292 2673 24,
317 2617 399 2684 quae
421 2593 492 2660 ride
515 2593 598 2684 apud
623 2592 835 2659 Niebuhriunr
858 2595 892 2659 in
914 2594 1035 2661 tabula.

191 2712 337 2781 Osannns
368 2715 489 2805 aliquid
508 2715 602 2795 fecit,
628 2714 769 2780 codicem
793 2726 936 2779 nostrum
960 2714 1143 2782 Tullianum
1166 2715 1237 2782 loco
1260 2739 1335 2784 mo·

142 2859 237 2915 rens,
262 2837 296 2902 iu
320 2858 417 2925 quem
439 2835 522 2901 male
545 2833 659 2925 pedem
684 2835 855 2914 intulerat,
880 2833 934 2899 sed
957 2834 1100 2901 nondum
1124 2838 1361 2925 acquiescen·‘

143 2954 219 3021 dum
251 2968 298 3022 est
327 2957 360 3021 in
393 2967 505 3045 quarto
537 2955 674 3021 saecule.
724 2954 796 3021 Non
828 2955 914 3020 enirn
946 2953 1000 3021 ille
1030 2980 1082 3022 me
1105 2956 1202 3024 habet
1225 2981 1334 3026 assen-

143 3077 295 3156 tientem,
327 3075 383 3141 ubi
414 3075 522 3142 scribit
552 3099 626 3165 pag.
657 3094 724 3140 xrv:
761 3098 782 3138 «
792 3086 953 3140 externam
977 3074 1093 3141 codicis
1116 3077 1249 3146 formam
1274 3083 1334 3171 qui

142 3197 306 3286 respiciat,
339 3196 372 3261 in
404 3218 438 3261 re
467 3196 588 3263 incerta
618 3208 650 3262 et
682 3195 818 3285 ancipite
841 3207 1000 3274 versatur,
1026 3209 1136 3262 contra
1158 3199 1237 3264 ratio
1260 3223 1333 3291 per·

143 3317 297 3419 quireutis
332 3315 453 3382 librarii
483 3317 682 3407 disciplinam
714 3328 809 3404 atque
840 3315 1049 3384 eruditionem
1079 3319 1182 3385 multo
1215 3322 1334 3389 certior

143 3451 190 3507 est
219 3451 251 3505 et
283 3438 422 3517 firmior,
449 3461 529 3526 quac
552 3450 618 3504 tota
640 3437 758 3528 pendet
781 3460 799 3502 a
822 3438 940 3504 saeculi
963 3461 1026 3527 quo
1050 3439 1173 3530 scripsit
1196 3463 1332 3510 consuo-

142 3561 254 3629 tudine
284 3573 316 3627 ct
339 3561 509 3650 ingenio.»
558 3558 599 3625 Ar
622 3558 716 3649 longe
739 3559 830 3624 aliter
853 3583 901 3625 res
925 3559 1093 3640 sehabet,
1118 3584 1192 3627 nam
1216 3575 1332 3630 natura

143 3682 277 3760 codicis,
310 3682 482 3771 scripturae
514 3703 634 3770 genus,
659 3679 835 3746 litterarum
861 3680 982 3759 forma,
1008 3679 1115 3745 titulos
1139 3678 1210 3747 dico
1234 3695 1334 3773 atquc

142 3802 302 3881 initiales,
339 3802 462 3867 etiamsi
495 3801 620 3891 singula
654 3824 721 3868 rem
745 3824 811 3866 uon
833 3801 1017 3891 perficiant,
1042 3803 1187 3868 universa
1209 3825 1266 3868 nos
1291 3804 1333 3871 ad

144 3935 289 4014 optatum
319 3923 418 3988 finem
447 3923 647 4013 perducunt,
681 3921 802 3988 collatis
829 3922 897 3988 aliis
919 3923 1161 4012 manuscriptis,
1186 3922 1226 3990 de
1250 3948 1334 4013 quo-

143 4068 216 4110 rum
240 4055 342 4109 aetate
366 4042 486 4132 aliquid
510 4044 621 4110 saltem
644 4055 778 4110 constat.
827 4042 874 4109 De
893 4043 955 4108 hoc
974 4043 1131 4133 probabili
1150 4045 1332 4135 palaeogra-

144 4165 238 4257 phiae
268 4162 476 4230 fundamento
505 4165 530 4230 si
553 4165 789 4244 dubitaremus,
815 4165 879 4230 iam
899 4176 1006 4229 actum
1026 4176 1106 4230 esset
1129 4164 1168 4231 de
1191 4165 1246 4230 illa
1270 4166 1332 4234 dis·

59 4316 60 4319 *
144 4285 283 4375 ciplina,
308 4295 343 4348 ut
367 4282 472 4350 ridere
495 4297 542 4350 est
566 4285 649 4376 apud
674 4285 869 4366 Silvestrem3
892 4283 946 4350 sed
964 4284 1085 4351 bonum
1104 4285 1224 4352 factum
1244 4288 1333 4376 quod

146 4428 246 4496 quum
270 4405 303 4471 iu
327 4404 456 4483 ceteris,
482 4418 551 4471 tum
574 4407 608 4471 in
630 4420 736 4473 nostro
760 4407 841 4474 libro
865 4405 926 4471 alia
949 4419 996 4472 cst
1019 4408 1111 4473 ratio.

192 4524 426 4616 Orthographia
451 4539 559 4594 contra
582 4526 709 4596 Osanno
733 4530 855 4595 firmior
879 4541 911 4594 et
935 4529 1050 4595 certior
1071 4527 1133 4594 dux
1157 4551 1223 4595 esse
1242 4530 1333 4599 vide-

144 4661 216 4751 tur,
249 4646 301 4714 sed
333 4645 431 4712 nolite
462 4647 523 4715 hoc
554 4672 679 4738 urgere3
714 4649 913 4717 librariorum
937 4651 1064 4742 ingenia
1088 4673 1244 4739 quaenam
1269 4654 1331 4720 sint
