2946 5182
257 1115 543 1232 PHAEDRI
576 1110 878 1229 FABULAE
909 1110 1130 1248 NOVAE

207 1391 254 1458 IN
290 1389 449 1458 coclea
485 1385 973 1468 uncturus-tartense
1012 1389 1067 1456 ΝΟ.
1104 1391 1181 1454 368.

600 1715 793 1742 -ςᾷωῇᾱ-ι

148 1982 196 2048 De
227 1982 370 2050 Phaedro
402 2005 529 2073 qnoque
561 1983 642 2049 bene
671 1984 788 2050 meruit
809 1982 931 2062 Maius,
956 2003 1031 2047 narn
1056 2003 1154 2072 quum
1177 2005 1214 2050 ex
1237 2007 1293 2050 co·

96 2103 173 2169 dice
203 2104 395 2169 Farnesiano
426 2104 626 2171 mutilissimo
659 2128 773 2170 novam
806 2103 930 2170 XXXII
959 2103 1153 2170 I'abularum
1177 2106 1294 2172 collec-

97 2224 224 2290 tionem
259 2224 430 2291 Iannellius
457 2237 678 2316 protraxerat,
712 2226 843 2314 contigit
875 2223 1093 2292 Bibliothecae
1123 2226 1295 2294 Vaticanae

98 2345 267 2412 Praefecto
301 2347 385 2412 inter
417 2346 514 2411 libros
546 2344 715 2412 Urbinates
747 2345 842 2434 longe
871 2344 1035 2412 meliorem
1065 2347 1227 2428 invenire,
1261 2349 1295 2414 in

101 2488 170 2555 quo
204 2466 262 2532 snb
296 2466 389 2531 titulo
425 2467 571 2534 Nicolai
592 2465 735 2531 Perottr'
757 2466 1031 2558 Epigrammata
1056 2475 1091 2531 et
1118 2466 1295 2549 Fabulae,

100 2587 228 2654 mediae
258 2589 341 2654 inter
366 2589 460 2655 huius
483 2588 642 2678 pontificis
666 2585 825 2677 Sipontini
848 2586 988 2651 carmina
1012 2586 1200 2654 exhibentur
1222 2612 1297 2668 eece

101 2707 180 2774 dem
211 2708 336 2775 XXXII
358 2731 458 2775 novae
480 2707 625 2787 fabulae,
651 2732 732 2798 qnae
755 2731 841 2775 nune
864 2707 916 2775 edi
938 2706 1039 2774 solent
1064 2730 1136 2774 cnm
1161 2709 1297 2776 Phaedri

105 2827 303 2896 collectione
328 2829 521 2921 appendicis
545 2830 659 2896 Prioris
682 2831 822 2896 nomine.
853 2828 952 2908 Vide,
977 2829 1002 2895 si
1025 2829 1106 2894 tanti
1128 2842 1191 2908 est,
1212 2831 1297 2896 illius

103 2951 215 3018 eximii
244 2949 365 3017 Codicis
398 2950 720 3018 Urbinate-Vatieani
751 2950 807 3017 ΝΟ.
841 2954 906 3017 368
937 2950 1182 3040 descriptionem
1214 2952 1298 3042 apud

103 3071 228 3138 Maium
253 3070 348 3138 luet.
375 3069 474 3137 Class.
501 3071 560 3137 III.
586 3075 664 3136 279.

154 3191 201 3259 De
239 3193 313 3282 ipsis
348 3191 463 3257 fabulis
502 3214 676 3282 earumque
716 3204 844 3258 auctore
875 3192 948 3258 satis
976 3189 1172 3282 disputatum
1203 3205 1250 3259 cst
1281 3216 1299 3258 a

104 3314 182 3381 uiris
205 3312 408 3393 doctissimis,
434 3314 569 3379 sufficiat
591 3337 643 3379 eas
660 3335 746 3380 nunc
765 3314 942 3379 accuratius
963 3313 1133 3379 contulisse
1153 3335 1249 3402 quarn
1266 3315 1300 3380 in

105 3435 258 3526 primaria
289 3457 344 3499 sua
374 3433 512 3501 editione
546 3434 711 3522 (Budissae
745 3433 843 3523 1838)
870 3432 925 3500 Ch.
952 3433 989 3499 Τ.
1015 3433 1175 3499 Dresslero
1196 3435 1300 3502 licuit·

108 3555 194 3622 Turn
223 3553 318 3621 verbo
346 3555 542 3620 monendum
572 3568 619 3622 est
652 3555 772 3621 Maium
800 3554 906 3619 minus
937 3566 1021 3619 recte
1052 3553 1117 3619 fab.
1144 3554 1198 3621 VI.
1223 3578 1253 3620 r.
1280 3559 1300 3620 8

107 3677 207 3741 nihil
227 3676 403 3766 scripsisse,
429 3675 485 3741 uti
508 3688 643 3764 uterque
666 3674 763 3740 codex
787 3676 842 3739 nil
861 3672 979 3752 habet,
1005 3673 1090 3762 quod
1110 3687 1142 3741 et
1161 3674 1302 3744 Dressler

108 3798 241 3887 recepit.
291 3797 436 3887 Denique
470 3796 536 3862 fab.
574 3795 676 3862 XXXI
709 3819 741 3863 r.
774 3799 796 3862 8
826 3794 957 3860 lacinias
980 3793 1095 3861 codicis
1119 3795 1303 3863 Farnesiani

108 3919 248 4009 pressius
271 3931 397 3984 secutus
421 3917 529 3983 dedit:

158 4039 247 4105 Nihil
270 4053 316 4106 est
341 4038 426 4129 quod
449 4051 593 4113 metuas,
617 4059 720 4126 roga·
745 4049 777 4102 te
800 4034 938 4100 multum
966 4034 1083 4125 diligo,

109 4174 144 4227 at
169 4160 266 4227 codex
289 4161 463 4226 Vaticanus
485 4157 652 4225 emendate
675 4155 825 4248 praebet:

159 4281 248 4349 Nihil
283 4295 329 4348 est
364 4280 448 4371 quod
478 4292 614 4360 metuas3
650 4301 709 4368 ego
740 4291 772 4343 te
802 4276 940 4343 multum
971 4277 1088 4368 diligo,

110 4403 198 4494 quod
230 4405 293 4468 iam
325 4402 458 4468 Bothius
493 4400 646 4479 coniecit,
684 4422 765 4489 quae
800 4400 924 4490 egregia
956 4400 1138 4466 coniectura
1168 4423 1252 4467 nunc
1287 4425 1304 4467 a

111 4524 223 4593 codice
242 4525 375 4616 probata
397 4524 543 4591 omnibus
567 4521 747 4612 recipienda
772 4534 828 4587 est.

1089 4762 1123 4811 15
