2946 5182
601 367 862 417 uuuuourouns.
949 425 950 428 Ἴ

140 539 277 608 revocati
297 550 370 604 sunt
394 536 557 615 consules,
583 539 713 628 Figulus
736 563 753 604 e
779 539 902 619 Gallia,
928 537 1034 629 Scipio
1054 540 1168 608 Nasica
1188 564 1225 608 ex
1247 540 1327 608 Gor-

139 664 221 740 sica,
258 671 292 726 ct
326 663 542 748 magistratu
576 682 613 724 sc
649 660 910 727 abdicaverunt.
960 661 1061 727 Tanta
1097 663 1140 727 vis
1168 662 1327 752 religionis

140 796 228 849 cet.»
277 780 665 865 cl.valer.1,1§3.

184 902 316 970 Lineola
340 902 462 991 saepius
492 902 651 982 abundat,
677 916 712 968 nt
733 903 827 969 modo
851 903 1015 983 dicebam,
1047 905 1091 970 sic
1114 918 1200 971 recte
1225 905 1327 971 Maius

139 1047 209 1090 enm
234 1024 350 1114 sprevit
373 1026 391 1108 §
416 1027 455 1088 12
473 1028 658 1114 pervenit,
683 1025 739 1090 ubi
758 1048 852 1115 supra
871 1029 887 1090 i
906 1039 1035 1116 apparet
1055 1038 1086 1091 et
1099 1038 1171 1092 ante
1185 1027 1327 1092 tinserta

137 1158 184 1212 est
220 1169 263 1224 o,
296 1157 405 1210 contra
435 1146 469 1210 in
498 1157 626 1211 auctore
657 1159 764 1212 nostro
800 1150 817 1231 §
852 1150 893 1212 16
916 1147 991 1213 ferri
1014 1159 1116 1237 potest
1140 1147 1329 1213 «instabant

141 1290 248 1345 sacra,
274 1289 356 1354 quae
380 1267 584 1355 oportebant
606 1266 797 1333 celebrari.»

184 1387 253 1454 Nec
286 1410 365 1477 opus
388 1410 454 1452 esse
477 1387 620 1466 videtur,
650 1400 685 1453 nt
711 1392 728 1474 §
757 1391 796 1453 17
821 1389 961 1477 legamus
986 1412 1007 1453 «
1015 1390 1101 1479 quod
1125 1391 1225 1454 Varro
1247 1411 1327 1478 pue·

139 1531 211 1574 rnm
242 1508 505 1598 speciosissimum
536 1511 574 1572 in
606 1508 687 1574 loris
716 1518 817 1573 tensa
842 1509 1077 1598 imposuisset.»
1115 1508 1219 1576 Codex
1242 1510 1328 1574 enim

139 1628 235 1694 habet
265 1628 365 1716 «[in]
402 1629 483 1694 loris
508 1638 605 1693 tense
627 1629 728 1718 imp.»
772 1629 915 1695 Valerius
940 1630 974 1708 I,
1004 1632 1018 1693 l
1047 1633 1064 1714 §
1093 1634 1134 1695 16
1158 1631 1222 1696 «iu
1246 1630 1328 1695 lovis

139 1763 228 1816 tensa
251 1772 387 1840 puerum
411 1749 451 1814 ad
476 1750 601 1815 exuvias
624 1749 775 1816 tenendas
797 1751 989 1840 posuisset.»

150 1915 152 1919 ,
186 1870 349 1961 Scriptura
381 1870 620 1960 Longobardica
651 1893 744 1936 causa
771 1871 832 1936 fuit
862 1894 920 1937 cur
944 1875 961 1958 §
986 1875 1030 1936 20
1052 1872 1136 1938 male
1158 1872 1266 1938 habita
1290 1873 1330 1936 sit

141 2016 160 2056 a
191 1992 289 2072 Mai03
327 1993 371 2058 sic
400 1993 486 2058 cuim
513 1992 568 2057 ille
603 1991 719 2059 edidit:
769 1991 947 2058 «Brennus
979 2015 1032 2059 rer
1068 1993 1231 2059 Gallorum
1262 1993 1329 2058 ric·

140 2113 227 2179 toriis
251 2112 389 2203 Delphos
412 2136 512 2201 usquc
529 2121 782 2203 pervenerat.»
812 2114 851 2178 In
875 2113 983 2180 codice
1007 2113 1123 2203 legitur
1138 2117 1330 2205 perveniat

140 2235 262 2323 vulgari
296 2257 400 2300 errore
435 2257 491 2323 pro
515 2238 683 2322 pervenit
693 2257 705 2310 ,·
740 2233 887 2299 librarius
918 2235 1023 2313 enim,
1056 2247 1092 2300 ut
1122 2258 1216 2325 supra
1245 2234 1328 2314 diri,

141 2355 282 2445 duplices
313 2355 427 2420 ductus
458 2355 581 2419 litterae
612 2362 627 2417 t
657 2376 714 2442 pro
746 2362 786 2417 at
809 2352 938 2432 habuit,
965 2353 1050 2442 quod
1075 2378 1174 2443 quum
1198 2356 1242 2420 ita
1267 2356 1327 2435 sit,

140 2499 206 2541 non
234 2488 282 2541 est
313 2497 370 2541 cur
398 2474 621 2564 imperfectum
647 2474 821 2539 scribamus
845 2486 955 2539 contra
980 2497 1072 2539 usum
1097 2477 1326 2565 epitomatoris3

141 2598 183 2663 cf.
208 2620 345 2662 errorem
367 2598 403 2663 in
426 2595 538 2662 ecdem
562 2595 656 2661 verbo
683 2597 700 2679 §
729 2597 790 2675 12,
815 2619 912 2685 quem
934 2595 1036 2662 editor
1058 2595 1140 2662 bene
1160 2599 1306 2664 correxit.

187 2718 234 2784 Ile
265 2741 320 2783 suo
356 2717 475 2782 addidit
504 2730 567 2783 tres
597 2717 716 2782 litteras
747 2716 781 2781 in
813 2718 830 2800 §
863 2720 926 2795 25,
960 2717 1075 2805 quibus
1106 2718 1199 2783 facilc
1223 2741 1329 2784 carere

139 2862 323 2930 possumus:
385 2836 468 2903 «hd
512 2838 706 2903 Masinissam
750 2859 857 2926 regem
898 2836 1070 2902 immensae
1103 2837 1329 2927 magnitudinis

141 2958 302 3049 elephanti
325 2957 433 3023 dentes
457 2958 633 3048 praefectus
657 2957 762 3022 classis
785 2956 919 3052 detulit,
944 2980 1115 3046 quoscum
1136 2957 1330 3047 cognovisset

140 3080 300 3169 etcmplo
324 3080 455 3145 Iunonis
479 3079 651 3144 Melitensis
673 3078 812 3157 ablatos,
837 3078 968 3144 remisit.
1017 3079 1180 3169 Inscripsit
1198 3103 1330 3169 quoque

140 3200 310 3292 gentilibus
334 3199 466 3265 litteris:
494 3200 650 3289 accepisse
674 3222 781 3288 regem
800 3200 1018 3289 ignorantem,
1040 3201 1214 3290 supplicem
1233 3203 1331 3268 remi·

140 3322 252 3387 sisse.»
295 3320 363 3386 lam
390 3321 532 3410 legamus
557 3344 630 3386 cum
654 3320 782 3387 codice:
810 3321 980 3400 «remisit,
1005 3322 1228 3413 inscripsitque
1251 3347 1331 3413 gen·

140 3443 248 3508 tilibus
271 3442 421 3508 litteris.»

188 3561 298 3653 Capite
329 3568 348 3628 2
375 3567 394 3650 §
418 3570 436 3630 5
461 3565 547 3630 iuvat
571 3565 761 3631 vocabulum
786 3564 825 3628 ab
848 3563 968 3629 editore
992 3564 1142 3628 omissum
1165 3565 1331 3631 restituere

140 3687 175 3750 iu
204 3685 274 3750 loco
298 3684 337 3750 de
360 3684 447 3749 libris
472 3685 688 3775 Pythagorae,
714 3686 769 3774 qui
791 3685 882 3775 pulso
906 3697 1033 3750 auctore
1057 3684 1129 3748 «ab
1153 3682 1330 3751 Athenien-

141 3805 242 3885 sibus,
268 3806 409 3896 publc'ce
436 3806 536 3870 crusti
559 3819 673 3886 sunt3»
698 3819 743 3872 est
767 3828 848 3870 unus
872 3829 890 3870 e
912 3803 990 3870 loeis
1014 3804 1152 3884 Valerii,
1178 3807 1234 3894 qui
1255 3830 1330 3897 per-

140 3926 257 3991 ierunt.
307 3925 396 3991 Idem
427 3924 558 3991 verbum
589 3926 766 4016 Nepotiano
797 3925 976 3991 subluratus
1004 3936 1051 3991 est
1086 3923 1164 4016 Gap.
1200 3929 1240 3992 15
1266 3931 1329 4012 §9

141 4070 217 4112 nam
234 4046 440 4112 Athenienses
460 4047 586 4112 «bonos
607 4047 688 4113 circs
705 4048 799 4115 ramis
815 4046 938 4112 duobus
951 4046 1051 4114 olivae
1063 4047 1183 4114 inneris
1188 4049 1330 4140 publice

142 4167 373 4233 ccrcn'abant.»

188 4287 306 4355 Contra
339 4289 425 4355 aliud
455 4290 532 4357 latet
563 4289 620 4355 snb
652 4289 766 4368 verbo,
803 4289 888 4378 quod
921 4286 999 4379 Gap.
1032 4294 1051 4354 4
1077 4292 1094 4373 §
1122 4293 1141 4354 Ξ
1165 4289 1250 4355 idem
1274 4290 1330 4355 illc

141 4411 263 4475 omisit:
294 4433 315 4473 «
327 4408 500 4477 Chaldaeos
524 4415 637 4500 igitur
662 4408 826 4476 Cornelius
849 4410 996 4500 Hispalus
1017 4408 1096 4476 urbe
1108 4409 1228 4500 expulit
1240 4422 1327 4476 cet.»

142 4530 195 4597 Sic
227 4531 313 4597 enim
348 4554 413 4596 non
448 4532 548 4598 solent
582 4532 644 4596 isti.
668 4530 783 4596 versari
816 4531 849 4595 in
877 4531 1091 4622 excerpendo,
1126 4530 1240 4619 quibus
1270 4553 1328 4596 rcx

142 4655 254 4744 igiter
285 4652 455 4720 admodum
487 4654 634 4743 frequens
666 4665 711 4721 est
743 4653 776 4720 in
809 4675 887 4733 usu,
922 4676 984 4742 qua
1016 4651 1170 4743 particula
1201 4652 1327 4719 alicnis-
