2926 5182
134 366 196 428 146
568 378 596 423 1.
624 376 733 423 ruerus
758 378 889 425 rrcron.

133 550 249 617 serrari
273 547 411 613 solent.»
446 547 675 635 Expungantur
698 560 760 615 tres
782 547 924 626 litterae,
951 570 1032 637 quae
1045 547 1236 636 compendio
1249 570 1330 615 corr-

134 669 304 737 iunetionis
327 690 391 735 non
415 668 643 757 significantur.

178 792 254 880 Peg.
289 793 355 856 204
386 813 414 855 1.
449 794 511 869 24,
544 789 621 855 ibid.
653 794 670 874 §
701 795 741 869 8,
775 790 874 856 edidit
898 791 998 857 Maius
1021 791 1054 855 in
1077 789 1222 880 exemplo
1247 808 1331 855 can‘-

136 913 251 979 satirae
280 910 462 977 antithesis:
496 911 697 1000 «imperator
719 910 912 999 fugientibus
937 909 976 976 ad
999 911 1124 976 moenia
1146 910 1330 990 militibus,

135 1034 182 1099 bis
198 1124 202 1129 .
216 1033 283 1099 acie
307 1017 435 1123 pdlsus,
460 1032 553 1097 tertio
577 1031 697 1097 disiecit
715 1054 822 1097 muros
842 1044 874 1098 et
895 1032 1036 1097 conflixit
1048 1044 1079 1097 et
1091 1032 1176 1097 vicit.
1215 1031 1331 1098 Nemo

134 1166 237 1245 potest
265 1153 370 1220 dicere
398 1165 482 1218 recte
512 1153 652 1230 factum,
686 1151 739 1217 sed
771 1152 918 1218 adfirmat
946 1153 1046 1217 maius
1076 1176 1113 1218 er
1136 1176 1174 1220 eo
1197 1152 1331 1218 incom-

135 1273 229 1339 modo
260 1271 462 1338 commodum
490 1294 555 1337 esse
578 1272 795 1359 quaesitum.»
832 1269 873 1336 lt
903 1272 936 1335 in
960 1271 1068 1337 codice
1091 1283 1156 1336 est:
1184 1270 1227 1338 N
1245 1247 1330 1348 eni,

135 1395 276 1484 legamus
299 1393 424 1481 itaque:
461 1391 567 1458 «Non
591 1396 680 1456 enim
703 1403 806 1481 potest
829 1391 978 1470 dicere,»
1001 1393 1171 1482 imperator
1193 1414 1331 1482 nempe.

181 1515 221 1578 t.
237 1517 279 1579 23
303 1536 375 1602 pag.
403 1516 489 1592 205,
515 1514 609 1597 §10,
635 1511 872 1577 rescribendum
895 1525 942 1578 est
964 1535 1001 1577 ex
1024 1511 1153 1578 codice:
1181 1511 1263 1576 «bis
1288 1510 1333 1577 de

136 1635 246 1702 eadem
270 1657 304 1699 re
328 1656 419 1723 agere
443 1656 485 1698 ne
508 1633 641 1699 liceat.»
694 1632 733 1698 In
756 1633 945 1700 editionibus
969 1634 1085 1723 legitur
1108 1656 1185 1697 non.

182 1757 220 1823 In
255 1756 325 1822 loco
360 1754 399 1821 de
432 1753 554 1843 legibus
591 1755 753 1819 contrariis
780 1757 798 1838 §
831 1759 893 1833 13,
917 1779 950 1845 p.
978 1759 1042 1820 206
1067 1777 1096 1820 r.
1121 1757 1181 1832 21,
1208 1752 1333 1819 dieitur

137 1880 252 1945 harum
274 1900 339 1943 esse
363 1888 478 1955 status,
503 1898 634 1964 «quum
657 1877 813 1965 peristasis
835 1877 923 1966 ipsa,
945 1877 1087 1964 quamvis
1099 1874 1332 1941 diversissimas

139 2001 242 2089 leges,
274 1999 318 2063 ita
347 2010 454 2062 temen
487 1998 662 2062 cornminus
687 1997 855 2076 conducit,
881 2011 917 2063 ut
940 1999 1115 2064 contrariae
1138 2020 1205 2063 esse
1229 1996 1333 2061 oide-

141 2131 285 2186 ontur.»
318 2116 478 2183 Librarius
501 2117 587 2184 dedit
609 2117 826 2185 viderentur.

186 2240 284 2306 Paulo
317 2250 388 2329 post
421 2263 452 2305 r.
486 2242 549 2304 28:
583 2262 604 2303 <r
615 2251 734 2305 actores
767 2239 847 2307 alter
866 2240 997 2306 alteram
1016 2252 1148 2305 tuentur
1170 2250 1300 2329 partem
1309 2261 1332 2302 11

141 2482 291 2549 modum:
319 2485 491 2545 ‘'tuentor
519 2483 704 2571 ''portem,
728 2482 831 2549 idest
855 2483 970 2548 horum
992 2482 1160 2549 verborum
1183 2481 1334 2547 ordinem

142 2630 207 2673 esse
230 2602 474 2670 immutandum.
506 2603 829 2693 Editoremfugerunt
845 2604 939 2670 huius
959 2605 1004 2670 rei
1023 2603 1139 2669 indicia
1155 2603 1233 2668 locis
1245 2625 1333 2667 non·

143 2728 259 2806 nullis,
292 2748 369 2816 quos
401 2723 472 2789 ride
503 2724 536 2789 in
569 2722 765 2804 Collatione,
791 2748 865 2789 nam
889 2725 935 2790 nil
958 2725 1071 2790 attinet
1094 2724 1234 2813 singulos
1258 2723 1333 2789 illos

143 2848 309 2917 emendate
339 2845 393 2911 hic
427 2844 619 2925 describere3
654 2858 727 2911 sunt
750 2858 856 2911 autem
878 2870 911 2936 p.
936 2849 1001 2912 226
1024 2871 1055 2912 r.
1083 2850 1123 2924 7,
1147 2869 1178 2934 p.
1205 2848 1271 2910 231
1299 2869 1332 2913 1.

144 2975 263 3058 36,p.
290 2972 408 3033 2461.
435 2970 477 3032 26
501 2978 533 3031 et
558 2970 619 3045 46,
644 2990 676 3055 p.
703 2971 768 3033 253
792 2991 821 3032 1.
851 2970 914 3046 14,
938 2969 1192 3056 11254115,
1216 2969 1332 3055 11255

144 3116 174 3158 1.
202 3097 220 3156 5
245 3102 277 3155 et
303 3093 361 3167 17,
386 3112 419 3177 p.
446 3089 510 3153 266
534 3110 565 3152 1.
593 3090 607 3151 1
635 3100 666 3153 et
692 3090 753 3166 17,
777 3111 809 3177 p.
834 3091 898 3153 267
923 3111 953 3153 1.
982 3091 1034 3153 15.

191 3209 415 3276 Definitionem
446 3208 554 3296 scripti
585 3221 617 3273 et
639 3209 808 3274 voluntatis
831 3221 929 3274 status
953 3215 970 3296 §
997 3212 1058 3287 14,
1082 3232 1115 3298 p.
1141 3211 1205 3273 207
1230 3231 1262 3273 1.
1290 3214 1334 3287 3,

146 3334 190 3398 sic
222 3330 364 3396 exhibuit
384 3327 504 3393 Maius:
542 3328 707 3413 «Quando
730 3329 810 3395 alter
833 3329 926 3394 rerba
949 3341 1086 3417 praestat
1111 3351 1192 3418 quae
1214 3330 1335 3420 scripta

147 3466 241 3533 sunt,
274 3452 353 3517 alter
384 3448 572 3517 sententiam
594 3450 819 3538 interpretatur
842 3451 891 3516 vel
914 3450 1082 3538 quiddam
1105 3450 1259 3538 excipit.»
1295 3450 1335 3515 In

147 3573 255 3640 codice
286 3584 351 3638 est:
390 3552 493 3659 911ιῖ
514 3571 546 3637 id
577 3583 624 3638 est
654 3569 845 3658 quaedam,
879 3592 959 3658 quae
989 3569 1119 3660 pluralis
1149 3570 1253 3635 forma
1282 3592 1336 3636 re-

148 3695 293 3784 quiritur.

196 3817 272 3880 Erat
305 3815 366 3880 hoc
389 3815 519 3880 minoris
541 3814 715 3890 momenti,
740 3825 771 3878 et
795 3813 838 3876 sic
863 3811 1014 3879 Orellium
1036 3810 1129 3877 facile
1152 3811 1255 3900 fugit,
1280 3810 1337 3878 sed

154 3959 216 4024 quo
241 3936 334 4001 modo
358 3949 528 4024 utrumque
552 3935 704 4000 editorem
726 3933 842 4021 fugerit
865 3932 1100 3998 ridiculissimus
1123 3955 1252 3998 errorr.
1271 3937 1337 4014 ll,

151 4058 297 4147 equidem
327 4079 392 4120 non
421 4079 577 4144 assequor.
628 4055 778 4120 Versatur
807 4053 1021 4144 paragraphus
1043 4055 1076 4118 in
1099 4066 1181 4119 statu
1204 4056 1338 4145 scripti,

151 4179 278 4269 quando
310 4178 389 4243 alter
411 4178 598 4242 sententiam
623 4179 900 4265 interpretatur,
926 4198 1008 4265 qnae
1029 4175 1124 4241 rerba
1143 4176 1223 4242 alter
1245 4200 1338 4266 proe-

151 4303 285 4382 stiterat3
308 4314 377 4365 tum
397 4300 517 4388 pergit:
547 4296 695 4386 «Scripti
714 4310 820 4362 autern
841 4301 1086 4386 intemptamus
1099 4298 1199 4363 tribus
1210 4299 1314 4364 modis
1325 4350 1334 4379 ‚

152 4436 206 4489 aut
229 4423 345 4511 scripto
368 4422 455 4511 ipso,
481 4432 535 4485 aut
558 4442 594 4484 ex
614 4418 735 4507 legibus
759 4418 900 4506 exempla
924 4417 1044 4483 ducunt
1032 4431 1101 4497 t,ur
1125 4431 1179 4483 aut
1200 4442 1237 4484 ex
1258 4420 1338 4510 legis

152 4545 254 4612 verbis
297 4554 576 4632 argumentantur,
619 4551 678 4605 cet.
689 4563 710 4603 »
755 4541 830 4626 Quis
866 4562 980 4627 quaeso
1015 4539 1094 4605 haec
1128 4543 1335 4630 concoquet?

153 4666 254 4734 Maius
278 4661 393 4730 codicis
416 4660 511 4749 sigla:
543 4663 691 4751 itptom
715 4662 863 4726 miserum
887 4660 920 4725 in
943 4659 1118 4726 modum
1096 4683 1140 4725 s1c
1162 4660 1336 4749 explicuit,
