2926 5182
598 333 833 381 luruonucrlo.
1287 319 1305 376 5

122 527 207 569 mam
232 526 392 595 quamque
415 503 585 570 editionem
608 504 786 592 principem
810 501 947 583 cadunt,
978 514 1010 568 ct
1033 502 1139 567 locum
1163 502 1306 568 obtinent

121 624 154 689 in
185 623 295 691 codice
317 625 537 714 palimpsesto,
563 620 652 691 cuius
668 625 822 713 scriptura
840 617 954 689 iustam
974 623 1015 688 ob
1035 646 1162 690 causam
1185 624 1307 712 saepius

121 745 215 813 fallax
239 758 285 812 est
305 758 400 836 atque
430 748 551 812 incerta
582 747 685 836 primo
708 745 900 834 inspicienti.
950 745 1109 830 Quosnam
1128 746 1249 823 fructus
1273 744 1307 809 hi

30 862 33 868 ’
121 865 194 932 libri
215 866 338 956 politici
357 889 394 932 er
418 867 494 932 Maii
505 864 649 932 secundis
672 865 756 931 curis
780 865 1000 954 perceperint,
1025 864 1175 944 videsis,
1197 864 1309 932 ordine

121 985 263 1052 laudatos
294 971 379 1078 apud
404 985 569 1054 Osannum
592 987 626 1051 in
652 985 803 1074 primaria
826 1007 882 1050 sua
912 984 1049 1050 editione
1074 984 1134 1051 Rei
1157 985 1308 1053 Publicae

123 1106 441 1198 (G'o'ttingen1847),
465 1128 527 1196 qua
546 1109 589 1172 20
608 1127 716 1170 omnes
736 1105 910 1194 superiores
929 1104 1119 1171 obscurarit.
1158 1105 1307 1173 Attamen

120 1229 153 1294 in
173 1228 312 1296 secunda
330 1228 385 1294 illa
396 1277 406 1307 ,
432 1250 527 1317 quem
551 1226 653 1293 Maius
673 1227 793 1292 notarit
813 1225 958 1292 lectionis
981 1227 1131 1293 varietate
1149 1227 1308 1316 acquiesci

121 1372 184 1415 non
207 1363 327 1440 potest,
352 1352 468 1441 passim
492 1350 578 1415 enim
601 1349 695 1415 nimis
718 1371 816 1437 rege,
841 1360 877 1413 ut
900 1346 961 1414 hoc
984 1360 1076 1427 utar,
1102 1347 1159 1414 lib.
1179 1348 1223 1414 Il.
1251 1351 1306 1433 §2

121 1469 161 1535 ad
184 1470 280 1537 rerba
304 1474 485 1537 institutis
508 1470 630 1560 scripsit
650 1469 705 1535 illc
728 1482 918 1559 «postrema
941 1469 1020 1535 haec
1045 1468 1140 1536 verba
1159 1481 1307 1558 repetun-

122 1605 194 1670 tur,
224 1614 360 1682 moxque
383 1602 654 1681 expungunturpr
685 1602 717 1655 at
739 1590 859 1656 latebat
890 1591 950 1654 trie
973 1601 1099 1655 tantum
1123 1589 1219 1655 rerba
1242 1611 1308 1655 esse

122 1713 273 1802 repetita,
298 1735 357 1779 nec
370 1735 445 1778 rero
457 1723 626 1800 expuncta.
676 1709 739 1778 Sed
757 1732 822 1775 non
838 1710 927 1776 lubet
939 1709 1108 1777 discrimen
1120 1710 1306 1789 decantare,

125 1831 211 1922 quod
234 1832 405 1898 secundam
429 1833 512 1898 inter
531 1831 667 1897 Romani
689 1829 817 1898 editoris
839 1831 1016 1920 parciorem
1036 1830 1238 1897 collationem
1257 1832 1308 1896 in·

122 1951 263 2019 tercedet
281 1965 313 2019 et
332 1953 618 2031 accuratissimam,
644 1974 741 2041 quam
764 1975 872 2018 mense
894 1952 1008 2017 martio
1032 1952 1108 2017 anni
1132 1957 1218 2018 1858
1242 1952 1308 2041 ipse

124 2075 267 2156 confeci;
294 2073 425 2141 dedecet
442 2075 528 2140 enim
548 2096 604 2139 sua
620 2074 717 2162 ipsius
735 2072 886 2153 laudere,
905 2086 937 2140 et
954 2072 1083 2139 habebit
1102 2074 1174 2139 mea
1195 2096 1258 2162 quo
1276 2096 1308 2138 se

122 2195 342 2276 commendet,
362 2197 388 2262 si
404 2197 597 2286 superiorem
617 2197 822 2286 superaverit.
872 2195 943 2262 Alia
963 2195 1118 2285 quaedam
1137 2195 1216 2260 mihi
1235 2208 1308 2262 sunt

123 2316 373 2405 praemittenda,
407 2341 489 2407 quae
513 2317 614 2384 Maius
638 2328 670 2382 et
694 2314 840 2383 Osannus
863 2317 967 2382 mium
992 2329 1137 2383 accurate
1161 2315 1308 2412 adminis-

122 2448 218 2504 trasse
241 2435 398 2504 ridentur.

482 2737 730 2842 sentirem
766 2769 945 2839 cericis.

170 2949 393 3038 Palimpsestus
411 2949 451 3016 de
475 2951 522 3017 Re
543 2949 675 3016 Publica
700 2950 889 3039 quibusnam
907 2949 979 3015 fatis
1000 2951 1134 3015 Romam
1154 2948 1308 3017 deductus

124 3069 235 3147 fuerit,
275 3070 383 3136 ridere
414 3083 460 3137 est
483 3072 517 3136 in
552 3071 750 3137 Praefatione
779 3070 864 3161 apud
896 3071 1040 3150 Maium,
1078 3072 1130 3136 cui
1160 3069 1308 3138 historiae

124 3188 284 3255 subiunxit
308 3189 433 3257 Codicis
456 3189 700 3280 descriptionem
714 3191 868 3257 universe
892 3213 965 3258 rere
991 3203 1022 3256 et
1045 3203 1131 3257 recte
1155 3193 1308 3282 composi·

123 3323 209 3389 tam,
241 3309 413 3376 dummodo
439 3310 500 3377 hoc
531 3332 632 3382 unum
660 3312 838 3401 exceperis,
871 3311 957 3401 quod
980 3334 1085 3378 errore
1115 3313 1310 3402 nescioquo

124 3430 224 3497 llaius
254 3429 313 3496 tibi
344 3442 455 3496 auctor
478 3431 537 3511 sit,
570 3430 688 3496 librum
708 3431 800 3496 illum
824 3432 1015 3497 Vaticanum
1033 3432 1105 3498 Lat.
1137 3432 1197 3499 ΝΟ.
1220 3437 1307 3500 5757

124 3551 402 3618 membranaceum
421 3577 487 3619 esse
506 3553 539 3618 in
551 3552 670 3641 folio‚·
696 3564 727 3617 at
747 3553 780 3617 in
799 3561 926 3640 quarto
944 3552 992 3617 illi
1009 3564 1055 3618 est
1070 3554 1187 3626 forma,
1212 3576 1309 3643 quem

124 3672 252 3753 dicunt,
284 3687 320 3740 ut
351 3674 498 3740 omnibus
527 3674 690 3740 Bobiensis
718 3672 929 3739 bibliothecae
960 3672 1140 3753 codicibus,
1172 3697 1309 3763 quorum

124 3793 328 3876 membranae
354 3808 462 3885 postea
486 3818 591 3862 erasae
617 3807 712 3884 atque
740 3794 884 3875 ablutae,
916 3794 1068 3861 dissectae
1092 3808 1186 3885 atque
1205 3799 1238 3862 in
1261 3796 1309 3862 di·

123 3936 226 3979 versas
241 3914 450 3981 bibliothecas
462 3915 618 4006 dispersae
631 3938 718 3982 nunc
729 3915 859 3982 tandem
870 3917 971 3982 iussae
988 3928 1060 3982 sunt
1077 3916 1208 3984 reddere
1227 3940 1308 4006 quae

123 4034 170 4124 pii
192 4034 311 4101 scilicet
327 4034 449 4102 librarii
472 4035 685 4116 abstulerant,
711 4039 859 4103 Verrinas
879 4038 1039 4104 Tullianas
1058 4038 1150 4118 dico,
1177 4039 1309 4104 Fronto·

124 4165 219 4233 nem,
252 4154 361 4221 ilionis
393 4156 580 4246 Polybiique
612 4169 776 4247 excerpta,
810 4157 937 4225 Scholia
961 4158 1148 4238 Bobiensis,
1175 4161 1308 4225 luvena-

125 4273 189 4341 lem
197 4325 207 4355 ,
242 4276 405 4358 Persium
439 4279 503 4344 imo
534 4277 646 4344 eadem
672 4277 774 4343 forma
803 4277 955 4367 quadrata
984 4279 1020 4344 iis
1049 4278 1130 4344 foliis
1158 4292 1242 4360 crat,
1272 4303 1309 4346 ex
1370 4295 1379 4300 “

126 4396 241 4486 quibus
265 4397 455 4488 Fragmenta
478 4378 650 4479 Vaticana,
682 4412 718 4465 ut
749 4398 832 4490 apud
861 4399 942 4465 Iuris
970 4397 1133 4466 Consultos
1157 4401 1308 4481 audiunt,

126 4517 228 4583 Maius
256 4519 357 4598 eruit,
396 4531 566 4611 antequam
601 4545 689 4600 erasa
716 4534 747 4587 et
779 4520 886 4587 abluta
917 4522 950 4586 in
979 4523 1144 4589 arctiorem
1175 4522 1309 4588 formam

127 4638 258 4706 dissecta
283 4652 313 4706 et
337 4641 482 4707 mutilata
503 4642 632 4711 fuerint.
