2946 5182
602 364 863 412 uununsriouns.
1261 345 1324 407 117

185 536 308 601 Minora
325 537 383 600 ista
402 537 436 600 in
457 533 534 626 Gap.
558 536 607 602 III
624 559 703 602 vers.
725 541 762 602 11
781 549 812 602 et
828 542 868 602 13
881 535 933 600 od
941 548 998 626 pro
1016 544 1050 600 et
1065 556 1129 601 non
1145 556 1261 624 urgeo,
1284 534 1324 597 cl.

138 659 224 749 Aug.
251 659 287 737 Ι,
315 662 354 724 15
379 681 449 747 pag.
476 661 539 737 32,
564 659 597 723 in
617 671 753 748 utroque
772 659 842 724 loco
863 659 1016 724 editorem
1035 680 1108 724 vera
1132 657 1211 721 ratio
1230 656 1323 744 fugit.

185 779 232 845 Ile
264 802 320 844 suo
352 778 439 848 dedit
470 779 572 846 Maius
596 779 672 845 ibid.
699 804 727 844 1.
756 783 814 845 16:
865 781 1000 845 «Minor
1022 801 1173 844 numerus
1196 777 1326 842 metitur
1422 814 1424 825 ·

136 902 312 979 maiorem,
344 900 377 965 id
407 913 454 966 est
484 900 673 989 aliquotiens
702 902 803 965 habet
826 904 991 966 minorem
1015 902 1152 965 maior.»
1186 899 1328 964 Restitue

138 1035 177 1088 ut
201 1035 247 1087 est
270 1023 304 1086 in
328 1019 437 1086 codice
461 1033 494 1085 et
517 1020 593 1087 edit.
615 1046 648 1111 p.
675 1025 717 1087 34
741 1043 816 1086 eum
841 1023 953 1090 habet.

186 1142 341 1209 Similiter
372 1165 402 1207 1.
436 1145 495 1206 191
546 1141 675 1208 «Aliud
705 1166 805 1232 genus
835 1156 898 1222 est,
923 1144 957 1208 in
981 1165 1044 1232 quo
1067 1165 1121 1221 ea,
1147 1165 1216 1230 qua
1234 1162 1329 1230 pare

137 1264 262 1330 excedit
284 1264 385 1328 maior
396 1264 552 1338 minorem
563 1287 597 1344 ,>›
622 1264 818 1330 reddendum
830 1279 876 1331 est
897 1265 1090 1354 Augustino:
1106 1287 1220 1354 pars,
1246 1285 1328 1350 qua.

190 1385 266 1476 Gap.
292 1385 339 1450 lv
362 1384 401 1450 de
425 1384 623 1474 longitudine
643 1409 792 1451 sonorum
819 1386 875 1452 ubi
900 1386 1058 1476 disputat,
1084 1408 1114 1450 1.
1145 1388 1186 1449 14
1214 1384 1331 1448 omittit

142 1533 163 1572 r<
173 1507 242 1573 illas
284 1515 389 1572 extro
432 1507 641 1596 capacitatem
684 1531 791 1574 sensus
825 1509 924 1574 nostri
959 1520 1117 1598 porrectas
1152 1519 1331 1594 temporum

141 1642 280 1695 metas.»
329 1627 370 1692 At
393 1627 470 1693 dixit
493 1629 613 1706 ultro,
639 1629 907 1717 quemadmodum
929 1628 1034 1695 editur
1058 1629 1092 1708 I,
1119 1632 1161 1693 28
1185 1651 1218 1716 p.
1246 1631 1301 1692 47.

189 1749 242 1814 Bis
275 1749 379 1813 omisit
403 1749 505 1814 Maius
528 1749 661 1815 verbum
685 1771 784 1815 unum
811 1748 889 1840 (lap.
916 1750 945 1812 V
970 1749 1067 1838 (hug.
1094 1748 1145 1828 II,
1173 1752 1188 1812 1
1215 1771 1246 1837 p.
1275 1745 1330 1834 49)

142 1898 173 1938 1.
208 1878 248 1937 31
299 1868 414 1936 «Cum
443 1871 556 1936 dixeris
588 1895 686 1951 cano,
716 1872 766 1937 vel
796 1873 830 1936 in
866 1895 955 1937 versu
970 1871 1072 1958 sorte
1094 1870 1234 1959 posueris
1242 1891 1276 1947 ,»
1301 1879 1333 1931 et

141 2018 172 2059 1.
201 1998 242 2057 71
270 1992 360 2056 «nisi
384 1992 458 2081 quia
482 1994 521 2055 lrz'
544 1993 600 2081 qui
623 2006 697 2058 ante
719 2016 775 2058 nos
798 1993 924 2059 fuere.»

193 2112 310 2178 Contra
331 2112 415 2178 male
436 2114 560 2202 irrepsit
587 2115 696 2179 rocula
718 2115 752 2179 in
776 2127 897 2180 textum
921 2136 1012 2179 versu
1032 2113 1176 2201 sequenti
1200 2135 1333 2201 «gram-

143 2235 280 2300 maticus
314 2234 360 2298 nil
392 2233 478 2298 aliud
507 2257 645 2300 asserens
678 2258 736 2300 cur
761 2234 844 2300 hanc
876 2237 1028 2324 (priorem
1047 2234 1200 2320 syllabam
1224 2230 1330 2298 verbi:

148 2360 241 2446 cano)
276 2356 393 2443 corripi
424 2367 586 2444 oporteat,
622 2355 682 2419 nisi
714 2356 788 2444 quia
816 2353 850 2419 hi
882 2355 938 2442 qui
969 2367 1041 2419 ante
1070 2376 1126 2417 nos
1156 2355 1264 2432 fuere,
1298 2376 1335 2419 ea

150 2475 253 2567 [pro]
294 2487 438 2564 correpta
472 2498 536 2540 non
571 2475 726 2566 producta
759 2475 807 2540 usi
828 2474 984 2539 fuerint.»
1024 2473 1161 2562 Fugerat
1182 2473 1335 2538 editorem

144 2609 301 2686 punctum
333 2619 396 2685 quo
429 2597 639 2685 praepositio,
681 2618 762 2684 quae
800 2596 882 2660 male
914 2594 1042 2659 librario
1072 2592 1248 2670 exciderat,
1282 2592 1334 2658 de-

142 2718 239 2782 lenda
262 2741 328 2783 esse
352 2718 560 2807 significatur.

151 2895 155 2902 ,
191 2837 401 2904 Reddendum
428 2851 475 2903 est
505 2862 700 2928 pronomen,
726 2839 811 2928 quod
835 2850 999 2927 excerptor
1024 2835 1102 2926 Cap.
1128 2834 1209 2913 vu,
1233 2857 1263 2899 1.
1291 2837 1332 2896 27

143 2981 180 3025 ox
214 2959 390 3048 Augustino
423 2959 472 3037 ΙΙ,
507 2963 570 3037 26,
605 2983 638 3048 p.
672 2963 710 3024 81
747 2959 927 3025 describens
960 2959 1104 3023 omittere
1135 2979 1200 3020 non
1230 2953 1335 3044 potuit

145 3081 316 3169 «primum
345 3093 376 3144 et
400 3079 576 3145 secundum
602 3079 790 3170 (epitritum)
811 3079 937 3146 invenio
958 3080 1028 3143 sibi
1045 3088 1134 3168 posse
1155 3073 1334 3167 copulari.»

193 3199 299 3266 Godex
322 3200 488 3266 emendate
511 3201 637 3266 exhibet
663 3199 741 3290 Cap.
757 3200 853 3279 XIII,
876 3206 942 3266 r.3
963 3198 1231 3289 quemadmodum
1252 3197 1334 3287 Aug.

146 3322 213 3400 Ill,
250 3325 311 3400 18,
344 3345 376 3410 p.
405 3326 489 3387 103:
525 3347 545 3385 r<
556 3324 589 3387 in
613 3322 799 3412 repetitione
824 3325 920 3386 tanti
942 3321 1034 3412 spatii
1057 3321 1218 3387 silentium
1241 3321 1336 3385 inter·

146 3467 265 3533 ponere
297 3455 468 3532 coegerunt
502 3441 643 3532 (aures),
673 3458 828 3533 quantum
860 3444 980 3532 syllaba
1003 3456 1172 3533 occuparet
1195 3442 1336 3506 brevis.»
1423 3512 1425 3515 ¹

148 3567 186 3632 In
211 3565 348 3631 editione
372 3564 515 3628 Romana
539 3579 586 3630 est
610 3574 757 3632 tontum.

194 3685 390 3775 Typothetae
424 3684 535 3751 fraude
569 3685 699 3750 fortasse
736 3706 773 3750 11
807 3695 962 3775 temporo
999 3685 1115 3774 legitur
1150 3681 1227 3772 Cap.
1262 3681 1338 3746 XIV

149 3833 177 3874 v.
207 3811 269 3886 13,
303 3805 360 3871 ubi
392 3805 474 3895 Aug.
508 3806 577 3884 III,
611 3811 654 3871 20
680 3831 714 3896 p.
743 3810 806 3871 106
830 3819 861 3871 et
885 3805 981 3871 codex
1004 3803 1172 3870 exhibent:
1222 3803 1338 3893 «Ergo

149 3929 212 3995 VII
246 3940 389 4017 tempora
423 3926 520 3992 habet
550 3949 673 4005 versus,
706 3926 783 3992 dum
815 3950 916 3992 unum
947 3926 1127 3993 membrum
1158 3923 1254 4019 habet
1288 3944 1342 3989 111
1405 3979 1406 3988 ,

151 4061 329 4139 tempora,
356 4047 441 4113 aliud
466 4068 556 4114 1111.»

149 4213 153 4220 ·
196 4171 321 4236 Interiit
344 4182 428 4234 totus
449 4193 554 4234 versus
577 4193 595 4234 e
619 4170 808 4258 pyrrhichiis
833 4168 912 4258 Gap.
936 4169 1007 4247 XV,
1032 4193 1060 4233 1.
1087 4171 1149 4233 211
1187 4187 1265 4233 «11.
1291 4189 1340 4232 se·

149 4293 224 4358 mis:
268 4313 346 4381 vaga
384 4291 464 4355 levia
504 4289 634 4379 fragilia¹
667 4288 760 4353 bona.
797 4294 862 4353 7⁷1.
898 4289 1021 4377 pleni:
1064 4311 1154 4378 vaga
1190 4289 1340 4352 levicula
1399 4287 1410 4303 ⁴

142 4415 305 4504 fragilia
329 4409 438 4477 bono.
453 4429 512 4477 111.
539 4412 668 4478 semis.»

152 4590 155 4596 .
195 4532 343 4600 Peccavit
372 4545 481 4598 contra
508 4545 645 4598 metrum
674 4532 730 4620 qui
760 4530 848 4596 illam
872 4544 972 4597 artem
996 4531 1149 4608 docebat,
1178 4530 1212 4594 in
1236 4526 1341 4595 exem·

152 4658 204 4747 plo
231 4656 315 4744 quod
340 4654 487 4721 brevibus
511 4632 638 4741 syllabis
662 4666 800 4731 constat,
827 4653 903 4719 ibid.
930 4677 957 4719 1.
984 4657 1046 4718 151

1080 4775 1115 4824 25
