2946 5182
680 364 770 376 ·-·-··
1270 349 1317 395 vll

130 543 240 607 inultis
262 565 323 608 aon
347 545 517 623 videbitur,
543 547 671 634 pravius
695 556 739 612 est
762 556 792 610 et
810 543 890 632 prot
913 548 1001 613 dator
1010 552 1024 616 t
1047 558 1110 613 tam
1135 548 1196 614 tote
1212 557 1317 634 patet,

130 704 166 758 ut
190 694 263 760 livio
289 717 396 762 voram
428 701 524 762 istam
554 698 717 763 tribuerim
740 699 915 784 quereiam,
935 721 1030 786 quom
1052 721 1151 765 renum
1177 721 1193 765 e
1218 699 1319 765 Gottts

131 846 319 913 doctioribus
347 849 454 914 audivi
483 859 677 915 moventem:
707 851 794 915 «ium
816 871 850 915 eo
874 859 1057 936 perventum
1078 859 1122 916 est
1145 859 1181 915 nt
1202 850 1320 915 tibrum

132 997 282 1063 Latinum
301 999 613 1066 'subterrescamvsn
658 999 720 1065 Sed
747 1022 808 1065 non
829 1001 913 1065 toedet
932 1000 988 1065 itoo
1011 1011 1229 1087 arqumentvm
1254 1003 1318 1067 ton-

15 1155 20 1166 “’
131 1150 204 1236 qius
222 1153 381 1238 persequi.
497 1143 498 1146 ¹

65 1296 68 1301 ’
178 1300 275 1365 Atiud
297 1303 386 1376 voto;
411 1324 462 1367 res
484 1303 563 1368 mitti
587 1313 633 1368 est
655 1324 727 1369 evm
747 1304 833 1368 doato
857 1304 915 1369 itta
940 1324 1078 1382 censore,
1103 1304 1157 1390 qvi
1179 1325 1238 1391 quo
1254 1325 1319 1370 me-

131 1451 195 1515 tius
210 1449 402 1518 Vittemainii
420 1453 526 1519 taudet
542 1443 675 1520 atterum
692 1455 883 1532 versionem,
908 1454 998 1543 (quae
1014 1463 1049 1519 vt
1061 1456 1248 1540 pierumque
1265 1455 1321 1540 tit,

130 1600 223 1688 tonqe
263 1603 357 1669 distat
388 1605 438 1669 vet
470 1607 581 1671 saitem
616 1605 732 1671 distare
763 1605 878 1672 dicitur
909 1626 928 1669 a
959 1604 1146 1692 superiore),
1178 1604 1320 1691 primum

126 1754 326 1840 persequitur
343 1755 421 1821 Maii
438 1778 529 1822 ouras
552 1756 720 1834 secundas,
741 1777 820 1843 qvae
838 1756 1006 1821 admodum
1013 1760 1203 1844 prosuerunt
1222 1756 1323 1821 tentori

133 1902 289 1970 Tattiano.
337 1905 435 1993 Spero
463 1910 532 1994 sore
559 1917 594 1971 at
620 1907 734 1972 metius
755 1928 830 1973 mon
850 1908 979 1993 probet,
1003 1926 1063 1993 quo
1086 1906 1209 1971 nomine
1232 1907 1321 1971 docto

130 2065 160 2120 et
192 2055 319 2143 eieqans
353 2055 452 2122 attera
482 2066 620 2142 praestet
658 2057 778 2124 Gattiea
810 2058 1042 2145 interpretatio,
1067 2078 1164 2144 quom
1183 2058 1264 2143 quod
1283 2057 1321 2122 do

131 2206 247 2272 editore
277 2206 416 2272 Romano
448 2208 713 2274 demonstraverit.
761 2207 902 2274 Fattitur
937 2211 1020 2274 enim
1051 2208 1110 2274 ttae
1141 2211 1175 2272 in
1205 2230 1240 2273 re
1272 2208 1322 2274 vir

131 2359 348 2436 doctissimus,
383 2370 412 2423 et
445 2361 506 2437 ita,
541 2369 575 2423 ut
607 2360 699 2424 verbo
731 2359 841 2424 saitem
873 2359 963 2424 ittivs
991 2379 1112 2424 errores
1134 2358 1322 2447 redarquere

132 2509 270 2575 debeam.
323 2560 331 2588 .

178 2659 338 2726 Contendit
367 2660 423 2725 itte
456 2660 500 2748 (p.
533 2660 614 2748 666)
650 2664 718 2748 sere
745 2660 885 2747 sinqvtos
908 2680 1016 2724 versvs
1033 2659 1152 2745 prioris
1175 2658 1319 2725 editionis
1382 2693 1388 2713 ι

129 2811 245 2876 distare
279 2811 318 2876 ab
344 2811 385 2876 iis
407 2812 441 2876 in
464 2811 598 2877 socienda
618 2811 794 2877 recensione
818 2818 909 2896 atque
932 2832 972 2875 αα
1000 2808 1096 2875 Libro
1118 2809 1140 2874 Ι
1160 2811 1254 2898 affert
1278 2815 1319 2876 12

130 2964 296 3050 enompta,
324 2964 436 3049 quibus
457 2963 514 3029 tioo
532 2963 701 3029 discrimen
714 2963 822 3049 patum
842 2963 910 3050 fiat.
946 2962 988 3027 At
1003 2984 1101 3048 neque
1118 2962 1320 3028 ittvdverum

130 3125 189 3193 est,
209 3136 306 3201 neque
329 3115 363 3180 vt·
387 3116 447 3180 tooi
469 3136 504 3180 re
526 3135 600 3180 vera
623 3116 656 3180 in
679 3115 778 3180 attera
802 3113 934 3178 editione
956 3114 1109 3178 emendati
1132 3122 1212 3178 sant.
1237 3112 1319 3180 Nam

133 3265 205 3350 Gap.
244 3269 286 3331 29
321 3268 339 3352 §
375 3270 416 3331 66
453 3265 614 3354 (tyrannis
641 3263 805 3354 popularis
832 3286 891 3351 pro
930 3266 1103 3352 tyrannica
1135 3263 1317 3352 populari),

132 3417 206 3502 Cap.
240 3423 280 3483 36
316 3419 334 3500 §
367 3420 409 3481 54
442 3414 488 3504 (in
519 3417 625 3501 primo
655 3422 763 3481 autem
783 3435 843 3500 pro
867 3414 900 3478 in
924 3415 1029 3500 primo
1052 3433 1170 3499 genere
1193 3413 1316 3501 tamen)

129 3578 159 3633 et
191 3568 263 3653 Cap.
299 3571 340 3633 56
366 3570 383 3653 ς
411 3570 452 3632 65
480 3566 578 3656 (docti
601 3566 796 3654 expolitiquo
819 3566 919 3632 docti·
927 3587 984 3652 pro
1008 3564 1093 3631 dooti
1117 3564 1315 3654 indoctique)
1369 3615 1371 3619 ⁷

129 3720 192 3784 iam
213 3720 247 3783 in
266 3720 372 3805 primo
390 3716 524 3783 editione
545 3717 717 3783 emendavit
731 3715 852 3795 Maias,
873 3738 983 3803 nempe
993 3717 1025 3781 in
1037 3715 1197 3783 Addendis
1203 3739 1236 3804 p.
1252 3721 1317 3784 552

129 3881 159 3936 et
177 3875 261 3949 555,
284 3872 338 3937 sed
357 3872 493 3938 latebant
514 3872 572 3937 itta
599 3871 755 3937 Gattieum
778 3869 941 3947 editorem,
963 3869 1087 3963 quiquo
1100 3870 1191 3934 eitius
1205 3871 1318 3936 versio·

127 4045 199 4089 nem
222 4035 251 4089 et
270 4024 435 4090 editionem
457 4024 645 4098 subtereret,
671 4023 797 4110 sinquto
814 4022 895 4110 folia
914 4021 1149 4108 quamprimum
1171 4021 1230 4086 sibi
1247 4023 1317 4088 srib-

128 4175 276 4241 mittenda
289 4185 464 4253 curaverat,
484 4184 649 4261 antequam
664 4175 823 4261 inteqrum
833 4196 910 4260 opvs
926 4173 1043 4239 editum
1053 4183 1148 4248 esset,·
1169 4172 1240 4240 taine
1249 4177 1315 4261 sac·

128 4336 193 4391 tum
217 4337 286 4406 est,
313 4336 352 4391 ut
371 4325 456 4393 Maii
467 4326 632 4415 Praefatio
650 4326 817 4392 adhaereat
840 4325 970 4390 editioni
994 4323 1149 4396 Gallicae:
1167 4322 1317 4390 sedMaii
1398 4404 1400 4408 ,

126 4475 356 4544 Additamento
377 4477 684 4555 etdmendationes,
709 4476 1072 4565 quaequinqvepaqinis
1093 4479 1317 4554 continentur,

127 4633 260 4696 etiamsi
282 4630 387 4716 sperni
411 4633 538 4696 omnino
557 4652 618 4696 non
635 4630 825 4706 debuerant,
848 4651 909 4694 non
922 4631 1058 4694 iteravit
1075 4626 1312 4692 Vittemainivo.
