2946 5182
135 337 154 398 8
512 328 630 397 crosno
653 348 696 395 or
722 347 764 394 nn
789 346 969 395 roseros.-

136 521 236 611 spatio
252 518 394 584 nondum
415 518 571 609 completo
591 531 676 585 extra
693 518 812 584 lineam
830 517 990 606 sequentis
1008 517 1165 583 uncialem
1181 516 1324 584 litteram

137 641 296 730 scripserit
318 639 414 728 paulo
436 640 607 718 maiorem,
636 639 746 728 quales
769 650 952 704 constanter
980 637 1121 728 depinxit
1145 638 1245 728 priori
1265 659 1324 703 co-

137 763 266 827 lumnae
296 760 431 826 initiales
454 760 503 826 rel
525 759 630 826 medio
654 759 828 838 vocabulo,
851 757 937 849 quod
956 781 1026 823 rnro
1050 759 1083 824 in
1104 759 1202 825 altero
1228 758 1323 825 later·

139 883 212 949 culo
235 881 356 948 obtinet
374 881 493 948 locum.
542 882 666 948 Horum
684 883 793 971 itaque
805 881 948 946 omniurn
968 879 1084 946 habeat
1100 880 1256 946 rationem
1275 880 1321 959 is,

139 1004 196 1092 qui
219 1003 252 1067 in
272 1004 460 1093 paginarum
482 1003 604 1069 laciniis
628 1000 810 1092 supplendis
833 1000 984 1081 desudet,
1009 1013 1042 1067 et
1064 999 1263 1067 coniiciendo
1283 999 1323 1064 ed

138 1147 213 1191 eum
234 1124 411 1190 litterarum
430 1147 600 1191 numerum
622 1123 789 1213 pervenire
809 1121 950 1200 laboret,
976 1145 1072 1211 quem
1090 1133 1219 1189 auctore
1238 1120 1336 1189 Maio·

138 1245 172 1310 in
196 1244 305 1310 codiee
326 1244 496 1313 desiderari
515 1245 574 1311 sibi
596 1244 707 1332 lingat.

187 1366 249 1451 Qui
270 1377 377 1431 autem
397 1365 473 1431 Maii
492 1365 711 1455 supplementa
726 1363 760 1429 in
784 1363 860 1429 loeis
880 1363 1050 1429 obfuscatis
1069 1362 1252 1428 dubitanter
1270 1361 1323 1427 ad·

140 1484 272 1552 modum
292 1485 469 1574 accipiunt,
489 1485 571 1552 bene
589 1497 790 1575 perspectum
809 1482 949 1550 habeant
969 1484 1079 1560 velim,
1099 1482 1185 1551 idem
1201 1484 1323 1573 vestigi-

142 1629 196 1671 um
222 1604 307 1695 quod
335 1604 506 1671 leviuscule
529 1605 645 1694 passim
672 1605 829 1683 cernitur,
861 1603 907 1668 ad.
922 1623 958 1683 c,
980 1623 1000 1670 r
1019 1617 1051 1670 et
1073 1624 1093 1670 o
1113 1604 1248 1684 ducere,
1272 1616 1325 1670 aut

141 1726 320 1793 litterarum
344 1745 366 1791 s
389 1737 420 1791 et
443 1744 577 1815 xseepe
599 1724 683 1791 idern
697 1736 813 1791 restare
834 1723 1006 1803 indicium,
1032 1737 1068 1790 ut
1091 1725 1192 1792 Maius
1205 1724 1244 1790 ad
1256 1726 1324 1804 Ill,

146 1849 222 1932 §44
251 1859 336 1913 recte
359 1845 526 1924 observat,
560 1857 614 1909 aut
637 1844 776 1910 litteram
798 1847 818 1920 ὸ
841 1857 873 1910 et
896 1867 915 1908 o
938 1842 1050 1910 eodem
1072 1844 1173 1911 ductu
1192 1847 1327 1937 intelligi

142 1991 254 2058 posse,
287 1989 346 2034 nec
369 1965 454 2032 Bab
478 1985 501 2031 n
530 1965 651 2055 ubique
674 1964 847 2054 distingui,
872 1976 968 2054 atque
990 1964 1102 2031 eadem
1125 1965 1242 2032 lineola
1266 1980 1327 2035 ret

143 2087 340 2166 rindiceri,
372 2085 641 2176 quemadmodum
672 2105 706 2152 rr
729 2098 784 2151 aut
806 2098 834 2151 tr
858 2098 913 2152 aut
937 2108 959 2150 u
981 2086 1076 2176 paulo
1096 2087 1248 2154 evanidas
1278 2089 1326 2154 rir

143 2207 392 2298 dignoscanturs
428 2207 472 2272 sic
495 2219 580 2273 recte
604 2206 734 2271 om'nino
758 2205 898 2273 Moserus
921 2206 954 2285 l,
980 2209 998 2290 ὃ
1020 2211 1058 2272 31
1086 2208 1229 2296 aliquid
1248 2213 1329 2275 nooe'

144 2329 355 2395 amoventibus
378 2326 557 2393 emendarit
579 2327 613 2392 in
636 2327 879 2405 molientibus,
905 2338 1014 2392 eontra
1037 2327 1158 2394 fallitur
1182 2327 1328 2397 Osannus

145 2476 178 2542 p.
204 2453 245 2516 19
257 2499 267 2530 ,
292 2449 408 2515 codicis
431 2472 448 2512 a
468 2449 550 2515 Maio
574 2447 750 2517 exhibitum
770 2449 930 2539 specimen
952 2450 1079 2515 intuens
1101 2473 1159 2539 pro
1191 2470 1212 2517 n
1234 2451 1328 2519 facile

145 2587 167 2638 lt
190 2570 285 2636 scribi
308 2570 357 2636 rel
380 2570 444 2658 legi
466 2569 603 2659 potuisse
628 2568 842 2648 contendeus,
874 2569 1006 2635 meliora
1030 2571 1153 2637 evineat
1176 2595 1283 2637 versus
1309 2577 1328 2639 4

144 2717 219 2783 pag.
233 2695 274 2757 61
300 2704 355 2757 aut
378 2714 484 2758 versus
510 2695 524 2756 1
551 2714 624 2782 pag.
640 2693 703 2769 51,
728 2714 804 2755 nam
826 2689 912 2754 idem
931 2689 1099 2756 discrimen
1122 2691 1203 2759 bene
1226 2695 1329 2760 cerni-

145 2830 219 2894 tur,
245 2812 330 2903 quod
352 2814 386 2878 in
406 2825 492 2879 recta
514 2825 546 2879 et
566 2812 727 2900 longiore:
752 2811 764 2875 l
787 2823 820 2879 et
837 2809 992 2876 rotunda:
1019 2835 1037 2877 e
1059 2826 1158 2879 exstat
1170 2863 1179 2894 ,
1198 2837 1276 2903 quas
1296 2817 1329 2882 in

137 2936 258 3002 ‚nostris
277 2934 366 3000 libris
387 2932 592 3011 adhibemus,
618 2943 727 3003 eontra
746 2929 916 3020 proclivior
937 2953 1025 2995 error
1047 2944 1093 2998 est
1116 2933 1150 2997 in
1172 2935 1330 3002 maiuscu-

139 3057 248 3122 larum
264 3055 437 3143 scriptura,
463 3054 552 3118 cuius
564 3052 767 3142 perspicuum
780 3050 960 3141 exemplum
977 3050 1127 3142 descripsi
1142 3077 1179 3119 er
1199 3054 1330 3122 Lucano

145 3177 290 3244 Palatino
312 3176 346 3240 in
367 3174 450 3240 Bibl.
466 3175 538 3240 Vat.
564 3172 625 3239 N0.
640 3176 704 3252 24,
729 3172 967 3263 quodpropter
989 3175 1167 3263 speciminis
1189 3179 1331 3266 paucita-

145 3313 212 3366 tem
230 3296 336 3364 ridere
356 3318 421 3361 non
445 3296 543 3362 estin
565 3294 695 3374 tabula,
719 3318 816 3384 quam
839 3293 1033 3361 Niebuhrius
1057 3295 1143 3362 dedit
1165 3297 1219 3362 in:
1245 3297 1332 3367 Cice·

146 3423 230 3487 ronis
255 3415 342 3487 Oret.
372 3439 429 3507 pro
454 3416 586 3483 Fonteio
617 3428 649 3482 et
672 3415 801 3482 Rabirio
831 3416 1031 3505 aliorumque
1060 3417 1262 3506 fragmentis3
1296 3422 1331 3486 in

143 3541 258 3608 ceteris
277 3562 350 3606 vero
367 3539 510 3604 litterae:
533 3535 544 3601 l
567 3536 691 3627 longior
713 3538 816 3604 forma
834 3539 987 3605 lectorem
1008 3537 1048 3602 ab
1072 3561 1177 3605 errore
1194 3541 1330 3622 retinet,

146 3660 231 3751 quod
253 3663 288 3729 in
307 3661 431 3727 rusticis
449 3680 596 3747 quoque,
622 3680 699 3747 quas
719 3657 829 3725 dicunt
851 3657 992 3737 litteras,
1018 3680 1091 3724 usus
1116 3659 1235 3739 voluit,
1260 3662 1331 3729 ride

142 3782 218 3848 libri
230 3783 266 3848 ll
285 3781 415 3847 titulum
431 3777 515 3868 apud
534 3777 676 3857 Maium„
694 3791 823 3868 excepto
838 3778 968 3844 fortasse
988 3776 1136 3844 Sallustio
1154 3781 1329 3862 Vaticano,

145 3905 201 3970 ubi
224 3913 333 3972 eontra
353 3921 372 3966 n
392 3901 487 3965 latior
509 3913 567 3966 est.

190 4023 399 4091 Praenomiua
415 4023 531 4110 partim
550 4022 634 4111 siglis
655 4023 837 4088 scribuntur
852 4022 968 4111 partim
987 4020 1160 4110 explicata,
1187 4036 1222 4089 ut
1244 4039 1331 4093 reete

145 4159 253 4212 monet
272 4144 372 4210 Maius
394 4167 465 4234 pag.
482 4146 520 4223 1,
545 4155 576 4210 et
600 4156 636 4209 ut
658 4143 778 4210 ridebis
801 4145 834 4209 in
859 4143 1005 4208 omnibus
1028 4143 1094 4209 fere
1117 4143 1329 4226 editionibus,

146 4291 220 4333 nam
244 4265 304 4332 hae
326 4266 360 4330 in
385 4286 418 4330 re
442 4263 588 4330 librarius
607 4265 701 4330 nimis
725 4286 876 4354 sequaces
896 4263 1008 4328 habuit
1032 4263 1179 4345 editores3
1207 4264 1261 4330 sed
1286 4269 1331 4334 sie

147 4388 216 4455 lieri
247 4387 379 4466 assolet,
417 4386 472 4475 qui
503 4387 536 4451 in
566 4385 768 4451 librariorum
796 4398 827 4452 et
857 4385 1119 4474 interpolatorum
1150 4386 1331 4453 inconsten-
1413 4382 1417 4387 ’

146 4512 224 4576 tiam
249 4506 473 4587 declamitant,
498 4508 608 4575 eodem
632 4508 707 4573 ritio
730 4508 820 4572 iuviti
847 4507 959 4596 opinor
983 4508 1176 4574 afficiuntur.
1232 4513 1331 4600 Atqui

148 4633 213 4700 istis
243 4629 377 4696 maculis
410 4628 591 4696 liberandae
620 4642 692 4694 sunt
719 4627 890 4708 editiones,
922 4653 995 4698 nam
1023 4654 1097 4706 non,
1118 4629 1236 4710 habes,
1266 4655 1330 4721 quo
