2946 5182
375 1457 682 1576 IANUARH
732 1455 1088 1589 ΝΕΡΟΤΙΑΝΙ

308 1729 568 1805 artantur
615 1728 862 1802 vntuult
911 1725 1149 1803 MAXIMI.

634 2047 828 2072 ...Μ-

186 2312 332 2380 Eundem
355 2314 498 2381 ordinem
522 2327 683 2393 tenentes,
710 2337 772 2403 quo
791 2315 892 2379 Maius
908 2314 941 2379 in
959 2327 1044 2380 tomo
1065 2315 1114 2382 ΙΙΙ
1127 2316 1323 2408 Scriptorum

138 2437 291 2503 Veterum
344 2434 453 2502 Novae
497 2434 698 2502 Collectionis
740 2435 839 2501 edidit
868 2457 964 2500 novos
999 2448 1160 2517 auctores,
1197 2442 1253 2530 qui
1287 2465 1324 2506 ex

137 2559 340 2626 classicorum
369 2557 516 2647 operibus
551 2581 606 2623 sua
641 2556 935 2635 conscribillarunt,
959 2559 1158 2646 pervenimus
1182 2561 1220 2625 ad
1245 2562 1325 2629 altc-

137 2703 210 2746 rum
244 2680 344 2769 operis
380 2678 497 2744 Valerii
532 2679 661 2746 Maximi
695 2678 963 2756 abbreviatorem,
995 2679 1179 2745 Ianuarium
1217 2682 1324 2772 Nepo-

136 2802 260 2866 tianum
300 2800 383 2866 dico.
432 2799 573 2889 Angelus
606 2799 707 2865 Maius
730 2799 875 2865 libellum
897 2799 991 2864 huius
1015 2801 1228 2890 epitomatoris
1251 2826 1324 2868 rnu-

139 2898 233 2988 tilum
262 2922 413 3012 protraxit
446 2918 543 3007 (coll.
575 2920 662 2985 laud.
695 2933 762 2985 torn
786 2920 835 2985 ΙΙΙ
857 2943 929 3010 pars
953 2926 973 2986 3
994 2945 1068 3010 pag.
1093 2923 1263 3012 93-115)
1288 2947 1326 2989 er

141 3043 248 3109 codice
280 3043 433 3107 Vaticano
464 3041 523 3108 N⁰.
554 3043 661 3120 1321,
693 3042 748 3130 qui
769 3040 863 3131 longe
886 3041 1018 3108 discedit
1041 3065 1060 3106 a
1083 3043 1203 3109 Paridis
1226 3044 1322 3125 libro;

141 3177 188 3232 est
211 3166 296 3231 enim
320 3175 484 3252 recenset
507 3162 776 3253 corruptissimus,
801 3163 845 3228 ita
870 3175 905 3228 ut
929 3163 968 3227 ed
986 3162 1103 3230 Valerii
1122 3188 1200 3255 opus
1217 3190 1327 3233 emen·

140 3285 281 3352 dandum
304 3286 354 3352 vix
376 3285 524 3351 inserviat
546 3297 672 3375 praeter
693 3284 822 3350 lacunas
842 3286 875 3350 in
887 3285 968 3350 libro
979 3286 1102 3376 primo,
1127 3288 1231 3376 quibis
1249 3289 1326 3355 locis

139 3406 281 3497 longiora
304 3405 434 3496 praebet
458 3406 675 3496 supplementa
700 3429 797 3494 quarn
820 3405 899 3473 alter
921 3407 994 3486 ille,
1020 3409 1075 3497 qui
1093 3409 1212 3474 Valerii
1231 3411 1326 3476 verba

139 3527 174 3592 in
208 3527 331 3593 brevius
363 3527 538 3605 contraxit,
570 3527 647 3591 dum
675 3525 728 3591 hic
759 3526 829 3592 stilo
861 3526 1006 3593 uberiore
1037 3529 1151 3608 utitur;
1187 3541 1326 3596 attamen

140 3649 288 3737 equidem
318 3647 392 3713 inde
414 3648 464 3713 vix
492 3646 675 3712 deduxerint
697 3648 763 3712 fere
786 3646 932 3711 inlibatas
955 3647 1028 3712 istas
1051 3649 1263 3739 paragraphos
1286 3651 1327 3717 ab

141 3793 180 3836 eo
203 3793 268 3836 esse
290 3780 467 3858 excerptas,
492 3781 528 3832 ut
550 3767 697 3857 Kempfio
720 3767 862 3847 videtur,
888 3791 963 3832 nam
985 3768 1024 3835 de
1048 3792 1104 3834 suo
1125 3770 1216 3859 plura
1237 3772 1327 3838 addi-

141 3890 188 3956 dit
229 3903 353 3968 noster,
396 3913 455 3979 per
496 3887 710 3978 metaphrasin
745 3888 806 3952 alia
838 3889 977 3953 inserens
1012 3901 1043 3954 et
1078 3895 1327 3979 «praetermissa

140 4025 332 4078 connectens
344 4035 378 4091 ,o
402 4023 438 4075 ut
461 4010 526 4099 ipse
547 4009 675 4074 fatetur.

187 4133 319 4222 Propter
349 4132 477 4198 lacunas
506 4130 664 4219 suppletas
678 4174 680 4180 ·
694 4152 760 4195 non
785 4131 978 4220 spernendus
997 4144 1044 4197 est
1066 4132 1159 4214 liber3
1184 4136 1326 4215 accedit,

139 4267 176 4320 ut
206 4254 363 4335 verissime
392 4252 536 4317 Blurnius
567 4249 764 4329 observavit,
794 4251 859 4316 Iter
889 4251 961 4317 ltal.
987 4252 1056 4332 ΙΙΙ,
1082 4257 1137 4333 97,
1164 4256 1248 4343 quod
1270 4257 1328 4322 de-

139 4377 272 4465 scriptus
307 4387 352 4441 est
383 4398 419 4441 er
452 4373 559 4440 codice
590 4373 820 4461 antiquissim03
856 4384 887 4436 ot
917 4372 1037 4438 fallitur
1060 4376 1107 4439 vir
1129 4374 1326 4442 doctissimus

142 4495 310 4563 subiiciens
330 4496 448 4562 librum
468 4496 561 4562 fuisse
579 4494 664 4562 lectu
682 4492 918 4584 perdifficilem,
940 4518 1013 4559 nam
1033 4495 1201 4562 innumera
1212 4497 1328 4563 menda

143 4619 257 4707 quibus
289 4629 405 4698 scatet,
442 4616 571 4706 illepida
601 4629 632 4682 et
664 4614 845 4682 absurdiora
877 4639 912 4680 ex
944 4639 981 4680 eo
1011 4630 1085 4683 nata
1117 4632 1208 4697 sunt,
1243 4619 1329 4709 quod

1088 4739 1123 4789 23
