2946 5182
583 361 844 410 rnnrnrrrours.
1241 347 1301 406 145

161 531 363 623 Peragrapho
399 537 418 596 5
452 531 527 598 ibid.
564 531 604 599 de
635 533 785 624 negotiali
815 545 912 598 exstat
943 532 1049 610 locus,
1084 556 1178 622 quem
1202 532 1302 598 Maius

113 653 149 718 iu
180 653 319 720 editione
356 652 495 720 secunda
527 654 747 719 correctiorem
778 652 884 732 dedit,
915 676 974 719 nec
1005 676 1078 719 rero
1109 656 1299 744 persanarit3

115 788 164 840 est
191 798 222 863 p.
257 778 323 839 202
351 799 380 840 r.
411 778 472 840 20:
506 775 701 863 «negotialis
725 787 823 840 status
846 787 911 854 est,
944 797 1044 864 quum
1073 777 1235 862 quaeritur
1265 775 1303 841 de

114 872 303 986 quantitate
327 895 459 961 alicuius
494 897 541 961 rei
574 896 624 962 rel
657 898 691 962 in
727 920 874 963 mensura
907 897 956 963 rel
985 898 1019 962 in
1043 918 1192 976 numero,
1218 897 1302 985 quod
1333 924 1336 930 ·

114 1040 215 1107 genus
239 1018 429 1106 quaestionis
452 988 563 1083 incidit
587 1006 818 1108 nonnunquam
841 1020 874 1084 in
898 1018 1003 1084 civiles
1024 1019 1179 1092 actiones,
1203 1041 1302 1107 quum

113 1137 220 1227 aliqua
251 1139 331 1203 ratio
365 1151 586 1228 acceptorum,
620 1162 829 1229 expensorum
859 1153 890 1206 et
923 1140 1097 1205 solutorum
1119 1139 1301 1216 inducitur,

114 1258 165 1324 rel
198 1281 298 1348 quum
334 1259 373 1325 de
408 1263 648 1324 numeratione
682 1264 805 1350 agitur
838 1261 922 1327 inter
955 1261 1084 1326 ricinos.
1134 1263 1175 1326 llt
1209 1258 1303 1325 modo

107 1383 229 1471 primo
268 1382 409 1468 quaestio
445 1380 605 1459 nascitur,
636 1381 686 1446 rel
711 1393 803 1446 cet.»
843 1382 903 1447 Pro
935 1385 1192 1460 numeratione,
1218 1380 1303 1469 quod

114 1512 161 1566 est
191 1501 224 1565 in
248 1501 374 1579 codice,
401 1499 538 1567 Orellius
560 1501 695 1566 coniecit
720 1504 961 1591 iugeratione;
986 1527 1093 1570 reram
1115 1504 1181 1568 sine
1205 1502 1301 1567 dubio

113 1622 215 1688 Maius
250 1623 385 1688 restituit
418 1622 587 1688 lectionem
621 1626 899 1703 mensuratione,
920 1647 993 1689 nam
1019 1648 1066 1689 nu
1088 1637 1119 1691 et
1142 1647 1194 1688 ms
1218 1622 1303 1712 siglis

113 1743 329 1833 suprascriptis
364 1742 458 1808 facile
491 1744 665 1833 permutari
698 1756 848 1833 possunt,
879 1756 910 1809 et
933 1745 1111 1835 exemplum
1135 1767 1301 1810 mensurae

113 1864 294 1952 requiritur.
336 1863 416 1929 Tum
439 1886 496 1954 pro
522 1863 616 1929 rerbo
639 1866 763 1952 agitur
791 1863 899 1931 codice
923 1863 1027 1932 denuo
1050 1865 1191 1955 inspecto
1215 1877 1300 1931 recte

112 1984 190 2073 legit
221 2007 406 2074 agrorum,
437 1984 490 2049 scd
521 1984 617 2051 rerba
647 1984 770 2051 sublato
801 1987 956 2050 sententia
986 1985 1067 2067 hiat;
1095 1986 1196 2052 Maius
1216 1987 1301 2052 male

112 2106 308 2195 interpunxit
334 2107 398 2171 sic:
426 2109 572 2172 uicinos.
620 2106 687 2185 Eu
713 2128 788 2172 nam
812 2108 966 2172 sententia
989 2107 1092 2197 pergit
1114 2108 1147 2172 in
1172 2107 1300 2186 codice,

112 2239 144 2292 et
168 2227 331 2315 sequentia
354 2225 419 2291 huc
441 2227 619 2315 pertinent,
644 2226 677 2291 in
699 2227 813 2315 quibus
835 2228 940 2294 littera
957 2253 988 2319 p
1004 2228 1108 2293 denuo
1131 2228 1301 2293 ridiculum

113 2370 251 2414 errorem
275 2348 411 2437 peperit3
439 2346 523 2435 quod
547 2349 632 2413 enim
656 2347 756 2413 Maius
780 2349 856 2437 legit
880 2348 975 2413 modo
991 2353 1111 2438 primo
1133 2373 1190 2438 per
1213 2373 1301 2414 com-

113 2468 229 2559 pendia
259 2470 293 2534 in
314 2468 422 2534 codiee
446 2468 687 2556 scriptumest:
714 2491 746 2531 m
763 2492 793 2558 p
817 2493 868 2546 m,
893 2469 1020 2557 utrique
1046 2494 1078 2533 m
1101 2469 1300 2559 superaddita

113 2613 154 2668 o,
178 2588 255 2653 dum
277 2590 400 2655 litterae
417 2613 447 2679 p
470 2600 545 2653 nota
569 2587 723 2676 affigitur,
748 2610 810 2676 qua
827 2611 898 2678 pro
919 2589 1125 2677 significatur.
1155 2590 1299 2679 Denique

111 2709 274 2799 legamus:
310 2710 390 2775 «rel
422 2732 521 2797 quum
544 2707 584 2774 de
608 2712 866 2772 mensuratione
889 2732 1053 2798 agrorum
1077 2710 1159 2775 inter
1181 2711 1300 2776 ricinos

112 2843 144 2898 et
179 2831 275 2895 modo
298 2854 368 2921 pro
397 2829 493 2894 modo
526 2828 666 2918 quaestio
698 2830 881 2895 nascitur.»
904 2866 951 2879 —-
973 2829 1011 2894 ln
1040 2831 1133 2895 tertio
1156 2833 1299 2920 exemplo

112 2953 193 3018 «rel
223 2975 321 3041 quum
349 2963 479 3040 propter
507 2973 603 3015 onera
618 2949 796 3038 fugienda
823 2948 861 3014 de
887 2948 1043 3015 bonorum
1066 2953 1299 3040 permutatione

111 3074 266 3163 agitur»,
314 3073 421 3138 rhetor
467 3069 553 3136 aliud
598 3070 727 3134 fortasse
773 3068 832 3133 sibi
877 3071 996 3149 rolnit,
1045 3094 1119 3137 nam
1164 3073 1297 3139 rerbum

103 3193 283 3284 fugienda
317 3191 520 3259 emendatum
555 3203 600 3257 est
633 3191 667 3256 in
693 3190 901 3280 fungenda,
938 3191 1023 3281 qnod
1056 3217 1121 3259 non
1152 3196 1297 3262 vitiosum

112 3339 179 3382 csse
202 3314 337 3380 ridetur.

76 3429 81 3437 ’
161 3435 252 3522 Quod
285 3434 422 3502 Orellius
451 3435 512 3501 hae
542 3457 615 3524 pag.
643 3458 671 3499 r.
699 3440 738 3501 31
765 3436 946 3524 proposuit:
974 3438 1219 3525 «quamplura
1243 3461 1299 3526 ge-

112 3579 190 3622 nera
213 3580 387 3646 poenarum
410 3568 483 3621 sunt
506 3554 661 3620 diuersis
686 3555 808 3644 legibus
829 3556 1070 3621 constitutarum
1082 3580 1115 3634 ,»
1139 3580 1196 3645 pro
1210 3557 1298 3620 diui·

113 3681 184 3754 sis‚
210 3679 310 3768 accipi
332 3690 448 3768 potest;
474 3700 635 3742 versamur
657 3677 742 3741 enim
766 3677 800 3742 iu
823 3676 923 3755 libro,
949 3677 1038 3741 ouius
1059 3677 1182 3765 singula
1201 3678 1297 3744 rerba

110 3823 150 3866 ex
185 3796 471 3863 abbreviationibus
503 3810 576 3862 sunt
608 3796 803 3887 explicanda.
852 3796 914 3864 Sed
946 3797 1019 3862 nolo
1051 3795 1163 3863 iudicis
1193 3813 1297 3888 partes

112 3921 271 4010 suscipere
294 3943 354 3986 nec
375 3918 580 4008 pronuntiare
602 3916 641 3984 de
658 3918 824 3997 omnibus,
847 3941 927 4007 quae
950 3916 1085 3984 Orellius
1104 3932 1135 3985 et
1155 3921 1297 3987 Raiterus

112 4053 198 4107 recte
221 4039 301 4105 mihi
324 4039 504 4105 emendasse
527 4039 692 4118 ridentur,
719 4060 853 4128 quorum
873 4039 1027 4105 nonnulla
1038 4040 1071 4105 in
1082 4052 1202 4106 tartum
1215 4043 1298 4108 reoi-

110 4161 228 4255 pienda
250 4161 312 4226 illis
334 4162 471 4226 fuerant.

158 4282 231 4349 Non
262 4305 339 4371 opus
367 4305 433 4347 esse
462 4281 602 4361 ridetur,
635 4294 670 4347 ut
699 4281 820 4348 librarii
849 4276 961 4349 manus
993 4285 1166 4372 corrigatur
1197 4307 1226 4348 r.
1254 4289 1296 4349 38

110 4404 213 4473 eiusd.
249 4427 343 4494 pag:
384 4403 578 4470 «Praeterea
600 4403 696 4470 etiam
719 4402 798 4469 illud
822 4416 868 4469 est
896 4404 1052 4493 negotiale
1076 4405 1295 4493 quaestionum

110 4548 231 4618 genuS,
261 4525 295 4590 in
320 4546 382 4614 quo
406 4522 547 4614 singulae
571 4548 677 4591 rerum
701 4525 867 4614 qualitates
891 4526 1055 4615 patiuntur
1079 4525 1294 4615 quaestiones,

111 4670 195 4738 quae
225 4647 324 4714 ferme
356 4645 494 4735 et[iam]
521 4646 553 4711 in
581 4646 687 4736 legum
713 4647 801 4712 etin
826 4644 1217 4735 rogationumlationibus
1240 4644 1296 4709 ob-

1061 4768 1095 4818 16
