2946 5182
387 360 644 444 nn.11.§ar,
673 362 734 439 40,
762 366 824 440 43,
851 367 914 440 sa,
941 368 1004 441 54,
1030 369 1083 427 55.
1284 369 1322 429 47

136 573 220 642 rege
243 560 316 631 esi,
342 554 380 615 iri
398 554 596 639 primisque
618 549 777 615 libertas.
816 549 1048 618 «Vocabulum
1068 558 1131 641 qui
1151 576 1169 617 a
1189 551 1326 618 secunda

136 697 239 741 manu
263 671 436 738 additum»
461 671 563 739 lllaius
586 671 723 761 recepit,
749 682 834 736 recte
854 671 938 760 quod
959 675 1132 764 reposuerit
1151 696 1324 763 pronomen

138 817 204 885 qno
236 816 343 861 carere
376 815 441 859 non
475 813 660 881 possumus,
693 814 860 881 perperam
889 805 999 858 contra
1031 796 1186 861 secundae
1217 795 1327 859 manui

135 915 270 995 tribuit,
303 913 473 981 correctori
496 936 630 1002 nempe,
656 912 741 1001 quod
766 913 904 978 Tulliani
927 914 1001 979 libri
1022 916 1232 994 annihilator,
1259 913 1327 978 An-

136 1037 258 1126 gustini
288 1035 360 1102 dico
391 1035 574 1112 librarium,
600 1034 757 1123 scripserit
780 1038 895 1123 «quia
918 1034 1109 1102 holocaustis
1132 1060 1196 1102 non
1220 1035 1327 1102 delec-

135 1171 289 1224 tantur.»

184 1396 287 1464 XXX.
325 1400 343 1483 §
382 1400 434 1464 52.
485 1395 600 1484 (Plato)
637 1399 815 1461 civitatem
844 1398 1035 1484 optandam
1066 1403 1199 1488 magis,
1224 1424 1327 1488 quam

137 1517 372 1608 sperandam,
398 1541 501 1606 quom
525 1520 704 1583 minimam
724 1520 867 1604 posuit,
892 1540 959 1581 non
983 1541 1073 1606 quae
1089 1523 1208 1607 possit
1231 1544 1326 1600 esse,

138 1639 206 1706 sed
234 1643 280 1704 iu
310 1663 380 1728 qua
409 1642 506 1704 ratio
535 1660 653 1703 rerum
677 1638 834 1703 civilium
851 1641 1017 1728 perspici
1037 1648 1177 1725 posset,
1204 1640 1326 1729 effecit.

139 1759 288 1827 Osannus
304 1783 378 1850 pro
410 1764 529 1849 possit
562 1781 638 1825 esre
669 1770 799 1849 propter
836 1780 970 1846 sequens
997 1765 1160 1846 perspici
1186 1772 1326 1848 posset,

138 1883 277 1948 restituit
297 1891 439 1970 posset,
464 1894 549 1947 recte
568 1881 711 1959 omnino;
735 1879 836 1944 Maius
856 1878 917 1944 hoc
936 1879 1041 1946 facere
1060 1880 1228 1971 potuisset,
1254 1906 1328 1947 narn

139 2003 224 2070 hene
245 1976 388 2070 cernitur
409 2002 699 2070 eademsecundae
722 2023 836 2066 manus
859 2002 1025 2067 correctio.
1135 2012 1140 2020 “

186 2245 268 2312 [bid.
317 2244 446 2334 Itaque
479 2253 519 2309 ut
551 2252 622 2309 tum
657 2267 781 2310 carere
804 2267 905 2334 rege,
931 2249 984 2309 sic
1003 2246 1109 2331 pulso
1134 2245 1329 2333 Tarquinio

138 2389 262 2432 nomen
282 2369 380 2456 regis
398 2365 527 2431 audire
546 2388 612 2430 non
629 2373 775 2452 poterat
794 2363 966 2456 (populus).
992 2365 1128 2432 Notetur
1145 2368 1329 2432 correctoris

139 2511 249 2568 error,
300 2510 375 2554 nam
422 2510 523 2577 quum
565 2486 667 2575 prima
704 2508 818 2551 manus
858 2485 987 2552 dederat
1023 2483 1160 2574 eanelre
1207 2510 1328 2577 reges,

140 2609 241 2677 altera
275 2609 369 2675 erasit
404 2631 439 2686 s,
476 2606 633 2674 secundae
667 2606 807 2694 syllabae
831 2608 1049 2696 suprascripsit
1074 2630 1135 2686 re,
1161 2592 1329 2697 expunxit-

140 2752 205 2820 que
237 2730 386 2796 ultimum
414 2728 495 2794 illud
519 2751 577 2808 re,
603 2729 660 2793 ubi
682 2750 724 2793 rie
747 2726 924 2793 tollendum
947 2741 1024 2794 erat.
1074 2720 1219 2795 Similem
1243 2752 1329 2794 erro·

139 2874 210 2917 rem
232 2851 313 2917 forte
337 2851 405 2916 aliis
430 2874 557 2940 quoquc
579 2851 656 2916 locis
679 2850 846 2915 commisit.

188 3091 306 3159 XXXI.
334 3095 352 3178 §
378 3097 429 3158 54.
482 3091 583 3180 Quod
601 3092 782 3178 proditum
806 3094 972 3156 memoria
992 3099 1055 3154 est.
1093 3088 1217 3156 Codicis
1236 3094 1330 3183 scrip·

140 3225 215 3279 tura
236 3215 458 3278 memoriaest
481 3213 546 3278 sine
571 3211 667 3278 dubio
690 3211 832 3278 dativum
855 3210 985 3302 praebet
1008 3210 1085 3277 elisa
1097 3211 1332 3278 litteraererbi

140 3333 320 3422 sequentis,
349 3345 386 3397 ut
412 3344 497 3398 recte
521 3333 650 3398 omnino
670 3331 971 3431 Osannusmonui13
995 3355 1070 3397 nam
1085 3333 1200 3423 passim
1219 3334 1331 3400 eadem

139 3453 231 3520 elisio
249 3454 387 3518 occurrit
410 3453 443 3517 in
466 3466 572 3518 nostro
597 3453 695 3532 libro,
723 3453 765 3519 II.
791 3456 809 3539 §
838 3458 899 3533 37,
925 3458 987 3533 60,
1014 3458 1080 3532 64,
1107 3458 1149 3518 59
1173 3454 1239 3533 bis,
1265 3458 1330 3534 60,

140 3577 208 3654 61,
239 3577 304 3653 63,
336 3572 479 3652 66,111.
503 3575 520 3658 §
547 3576 608 3651 12,
636 3577 698 3653 17,
724 3579 787 3653 41,
814 3574 852 3638 V.
880 3576 897 3659 §
923 3579 963 3651 7,
992 3597 1117 3639 necnon
1140 3573 1190 3639 his
1213 3575 1331 3641 locisa

140 3701 163 3764 2
188 3716 286 3762 manu
309 3693 457 3760 correctis
481 3693 600 3759 scilicet
623 3694 649 3759 1.
675 3697 693 3780 §
716 3699 779 3774 53,
805 3695 961 3781 11.§1a,
987 3698 1050 3773 29,
1075 3694 1250 3780 111.§18,
1273 3700 1328 3764 27.

142 3817 244 3906 Atqui
274 3839 310 3882 er
341 3815 516 3880 minoribus
543 3816 716 3906 scripturae
746 3815 931 3884 differentiis
962 3816 1056 3882 lectio
1087 3838 1329 3907 nonnumquam

139 3940 283 4004 fructum
306 3937 451 4028 percipit.

189 4181 208 4266 §
246 4183 300 4246 66.
353 4176 402 4246 Ut
436 4201 496 4270 ego
534 4179 672 4268 quidem
708 4180 880 4269 intelligo.
930 4180 1032 4245 Maius
1067 4203 1130 4245 non
1164 4195 1331 4247 monuerat

140 4299 278 4393 primam
308 4321 440 4365 manum
470 4299 591 4367 dedisse
621 4299 799 4390 equidem,
832 4300 918 4391 quod
941 4300 1026 4366 haud
1050 4302 1094 4367 ita
1117 4293 1329 4392 spernendum

140 4443 209 4488 esse
231 4419 366 4487 ridetur.

189 4662 338 4733 XXXVI.
374 4667 391 4749 §
428 4667 483 4733 61.
533 4663 634 4730 Inita
666 4668 762 4731 ratio
786 4675 856 4745 est,
888 4674 984 4729 utet
1011 4666 1169 4731 eonsules
1199 4674 1233 4730 et
1263 4667 1330 4728 iri·
