2946 5182
161 337 222 399 176
632 348 740 395 runos
764 348 868 395 rums.

203 520 324 587 Ultimo
356 518 449 584 huius
479 517 566 583 Libri
599 542 668 609 cap.
702 518 922 608 §Slegimus
941 518 974 582 in
996 518 1152 584 editione:
1203 517 1380 583 «Lectiz
1410 532 1434 575 -s

156 641 312 731 epistolis,
349 653 383 705 ut
418 652 540 706 careret
575 639 633 704 sibi
669 664 686 703 a
717 639 862 729 Philippo
894 650 1040 729 corrupto
1071 662 1088 703 a
1119 662 1192 728 rege
1222 638 1366 719 Dario„
1430 683 1438 711 ‚

158 761 335 827 Alexander
363 773 398 825 ut
430 762 569 851 primurn
591 763 670 850 petit
692 762 870 850 potionem,
895 760 1041 849 legendas
1065 765 1166 850 apsaro
1190 760 1443 850 Philippoo

154 882 320 947 tradidit.»
361 882 402 946 At
425 882 458 946 in
479 882 602 960 codice,
628 905 687 947 nec
710 882 817 947 vitiose
843 883 954 972 opinor
976 881 1152 971 «legendas
1176 904 1237 946 eos
1260 881 1406 947 Phi—

154 1003 240 1092 lippo
264 1002 429 1067 tradidit.»

197 1123 293 1189 Libro
324 1124 370 1188 IV
399 1122 476 1214 Gap.
513 1126 527 1187 l
560 1122 682 1187 duobus
705 1122 781 1188 locis
805 1124 941 1188 occurrit
964 1122 1118 1189 secundae
1142 1146 1255 1188 manus
1278 1146 1448 1187 an·····

152 1246 270 1309 notatio
302 1246 335 1308 in
362 1246 523 1333 margine,
557 1267 652 1333 quarn
683 1242 785 1310 eidem
808 1243 855 1308 illi
878 1243 1003 1323 tribuo,
1036 1244 1088 1309 cui
1112 1244 1145 1308 in
1169 1244 1266 1309 Libro
1288 1238 1449 1311 lx]

151 1366 242 1455 plura
273 1366 424 1431 debemus
457 1366 675 1456 supplementa
707 1390 743 1432 er
778 1365 902 1430 Valerio
930 1388 1045 1454 nempe
1074 1366 1172 1454 petita
1196 1389 1215 1429 a
1237 1365 1422 1433 bene·--
1437 1397 1450 1409 ·

149 1486 220 1552 volo
256 1486 392 1566 lectore,
427 1488 478 1552 cui
510 1487 708 1552 abbreviator
740 1487 883 1577 parciora
924 1485 1044 1551 dedisse
1074 1486 1255 1567 ridebatur3
1288 1496 1416 1552 ests
1430 1476 1470 1544 π’

150 1609 168 1692 §
193 1611 234 1686 8,
270 1608 325 1672 ubi
355 1608 393 1673 ad
420 1608 550 1674 verbum
580 1631 746 1674 erroneum
779 1605 957 1672 «Africano
982 1619 1013 1672 et
1038 1606 1156 1672 Gnaeo
1176 1606 1330 1697 Scipioni·
1354 1637 1451 1656 --

147 1727 237 1793 bus»
273 1729 425 1818 glossema
460 1740 588 1819 apparet
621 1728 804 1806 Asiatico,
838 1726 921 1816 quod
954 1726 1096 1791 Valerius
1128 1728 1193 1807 lv,
1228 1733 1244 1792 1
1271 1729 1329 1813 §8
1357 1725 1451 1789 Ξ

148 1850 265 1929 habet,
299 1849 566 1938 quemadmodum
594 1873 631 1914 er
664 1848 788 1914 Valerio
813 1849 923 1936 opinor
947 1847 1022 1913 ibid.
1049 1851 1067 1933 §
1095 1851 1132 1915 11
1159 1848 1264 1942 hausit
1290 1848 1327 1937 Q.
1367 1893 1411 1911 -
1428 1852 1449 1907 ⁴.

150 1995 207 2061 pro
232 1971 316 2036 «M.
344 1971 526 2037 Scaevola»
551 1973 567 2056 §
595 1972 635 2033 12
659 1968 769 2033 eodem
793 1982 898 2034 nostro
923 1970 1035 2059 capite.

196 2091 244 2156 Ad
277 2092 348 2156 Lib.
383 2092 449 2168 IV,
476 2089 554 2179 Cap.
583 2095 601 2155 4
628 2093 645 2173 §
674 2093 732 2153 11:
783 2091 856 2154 «Μ.
881 2089 1000 2156 Scauro
1024 2113 1042 2153 a
1065 2102 1154 2179 patre
1177 2089 1329 2156 hereditas
1355 2103 1448 2149 ες

148 2235 199 2277 sex
231 2234 390 2277 serrorum
422 2233 544 2276 reversa
567 2222 612 2275 est
636 2222 667 2273 et
691 2209 781 2274 XXX
805 2233 1052 2290 nummorum,>›
1077 2210 1207 2277 adnotat
1233 2212 1329 2278 Maius
1355 2223 1445 2270 2⁸

148 2334 181 2397 in
211 2332 318 2398 codice
349 2332 465 2397 lineam
496 2330 736 2420 superductam,
770 2344 804 2396 ut
827 2332 1023 2421 intelligatur
1046 2335 1180 2398 milium
1191 2356 1203 2412 ,·
1229 2344 1328 2410 recte,
1369 2366 1440 2399 cs

120 2440 123 2445 ⁴
147 2477 207 2521 nec
228 2455 318 2519 aliter
339 2453 436 2518 habet
460 2453 564 2517 Valer.
589 2452 647 2531 IV,
675 2457 693 2517 4
718 2455 735 2537 §
763 2459 811 2517 11.
859 2453 976 2518 Verum
1000 2455 1114 2543 passim
1137 2454 1201 2519 iam
1225 2455 1258 2519 in
1281 2476 1330 2518 su·
1361 2475 1438 2497 ό·

147 2576 322 2665 perioribus
353 2575 460 2640 similis
492 2573 608 2638 lineola
640 2596 771 2639 numero
803 2573 1001 2663 superaddita
1033 2573 1214 2639 asecunda
1237 2596 1330 2640 manu
1370 2581 1432 2630 1

148 2719 234 2762 erasa
262 2709 321 2775 est;
353 2697 435 2762 valet
459 2696 544 2760 enim
568 2695 600 2758 in
624 2693 685 2760 hoc
709 2693 836 2773 codice,
863 2694 947 2783 quod
971 2695 1046 2760 alibi
1070 2719 1197 2785 qnoque
1221 2720 1328 2763 occur·
1406 2718 1426 2730 ·

147 2820 204 2897 rit,
237 2804 366 2883 lineola
383 2839 448 2881 non
471 2838 594 2905 semper
617 2817 770 2894 milium,
796 2815 918 2904 saepius
941 2839 1110 2882 numerum
1132 2830 1259 2884 tantum
1281 2819 1327 2883 iu-

148 2939 258 3020 dicari;
291 2940 334 3004 sic
359 2938 430 3002 Lib.
454 2936 520 3016 IV,
547 2934 622 3025 Gap.
649 2940 668 3001 8
694 2938 711 3020 ᾗ
737 2941 774 3014 5,
800 2936 870 3000 Lib.
896 2936 945 3014 V,
972 2936 1049 3029 Gap.
1077 2945 1096 3004 3
1123 2942 1140 3025 §
1168 2945 1230 3019 14,
1256 2940 1324 3006 Lib.

149 3059 248 3137 VIII,
275 3056 351 3146 Gap.
378 3062 396 3120 2
422 3059 439 3141 ὃ
467 3061 486 3121 2
511 3069 541 3121 ct
553 3055 619 3136 IX,
646 3053 758 3146 cape
779 3060 796 3142 §
821 3063 837 3122 1
860 3058 989 3124 verbum
1008 3061 1109 3123 astilia
1130 3073 1216 3127 recte
1233 3062 1328 3152 scrip·

148 3180 188 3245 sit
209 3179 310 3244 editor
332 3201 388 3266 pro
412 3177 528 3242 lineola
551 3200 684 3241 numero
707 3178 916 3267 supraducta,
942 3179 1065 3245 etiamsi
1087 3181 1121 3245 in
1145 3182 1258 3248 ultimo
1275 3182 1327 3247 illo

148 3300 269 3365 variant
294 3310 447 3362 auctores.
479 3298 597 3363 Verum
625 3298 695 3363 Lib.
723 3298 798 3376 VII,
825 3297 938 3389 capo
964 3302 981 3384 ὃ
1011 3303 1027 3362 1
1052 3323 1185 3368 numero
1207 3303 1331 3369 XXIIII

149 3422 232 3487 linea
257 3419 456 3510 superaddita
468 3430 533 3496 est,
554 3418 676 3484 etiamsi
689 3419 819 3484 verbum
833 3423 933 3485 milio
950 3420 1141 3511 adscriptum
1153 3425 1231 3503 luit,
1253 3448 1330 3514 quae

153 3555 238 3609 recte
270 3544 366 3633 igitur
397 3540 503 3631 sperni
533 3551 656 3629 potest,
690 3540 956 3629 quemadmodum
979 3542 1053 3633 Cap.
1081 3549 1099 3608 7
1126 3547 1143 3628 §
1172 3549 1191 3609 2
1216 3546 1329 3611 lineola

151 3688 245 3755 supra
270 3662 368 3742 000,
394 3686 475 3752 quae
499 3673 655 3727 trecentos
678 3662 747 3726 illos
760 3662 976 3728 Praenestinos
990 3663 1028 3728 ad
1040 3664 1206 3730 millenum
1220 3690 1328 3732 nume-

150 3809 221 3850 rum
241 3807 306 3849 non
322 3784 416 3850 debet
435 3782 587 3861 evehere,
606 3783 648 3848 cf.
671 3782 742 3848 Val.
758 3783 838 3888 VH,
850 3788 888 3889 b*
907 3787 924 3868 §
940 3790 972 3850 3.
1007 3784 1126 3851 Eadem
1138 3809 1187 3851 res
1201 3801 1247 3854 est
1259 3787 1326 3853 Lib.

150 3904 213 3983 IX,
238 3903 312 3993 Gap.
340 3906 391 3989 2§
408 3909 438 3982 1,
462 3903 516 3968 ubi
529 3902 625 3968 codex
636 3901 752 3968 habet:
775 3921 827 3968 1111
846 3903 922 3983 dcc,
944 3928 1078 3993 quarum
1099 3905 1197 3971 altera
1216 3907 1328 3973 lineola

150 4025 311 4102 abundat,
343 4024 412 4090 vide
446 4024 516 4088 Val.
555 4023 618 4102 IX,
656 4028 676 4088 2
713 4026 730 4108 §
762 4026 792 4088 1.
843 4024 959 4091 Contra
982 4049 1148 4116 perperam
1176 4040 1331 4094 corrector

150 4158 341 4237 expunxerat
359 4144 508 4209 lineolam
524 4143 601 4209 ibid.
629 4147 647 4228 §
676 4149 737 4223 13,
763 4167 836 4209 nam
863 4146 982 4212 LXXX
999 4151 1098 4213 milio
1115 4149 1329 4215 Romanorum

150 4266 340 4335 Mithridatis
363 4267 448 4330 iussu
471 4266 572 4331 occisa
596 4289 661 4332 esse
682 4279 823 4346 constat,
857 4269 898 4332 ol.
925 4268 995 4333 Val.
1021 4269 1084 4349 IX,
1110 4275 1129 4336 2
1155 4271 1226 4337 Ert.
1253 4273 1271 4356 ς
1297 4277 1328 4337 3.

197 4387 374 4454 Redeamus
405 4386 444 4451 ad
468 4386 616 4466 Librum,
638 4387 721 4452 unde
746 4388 874 4477 digressi
896 4412 1002 4454 sumus
1027 4390 1092 4469 IV,
1118 4389 1195 4482 Cap.
1220 4398 1240 4458 5
1267 4395 1284 4478 §
1314 4399 1326 4457 l

150 4509 386 4602 typothetarum
417 4530 520 4572 errore
551 4507 718 4572 liberantes
750 4510 957 4600 expungendo
985 4512 1115 4577 otiosam
1139 4515 1157 4577 b
1180 4515 1214 4579 in
1237 4513 1332 4580 rerbo

152 4633 353 4721 substinuit.
378 4628 585 4723 'Peragrapho
609 4630 752 4718 sequenti
775 4631 896 4696 sublata
916 4631 1019 4698 littera
1044 4659 1061 4698 s
1081 4634 1202 4701 dativus
1222 4637 1334 4702 rescri-
