2946 5182
578 375 840 424 uunroxrrosss.
1234 359 1294 422 167

157 546 195 612 In
216 545 427 635 capitulorum
451 546 559 614 Indice
583 547 684 613 editor
706 549 811 614 minus
831 559 915 613 recte
934 547 981 611 bis
1001 543 1119 610 recedit
1139 565 1156 608 a
1176 544 1294 612 codice.

112 666 189 755 Pag.
212 671 231 731 2
255 690 333 732 rcrs.
360 673 379 733 3
403 668 436 732 iu
462 669 523 736 col.
548 692 617 758 pn:
655 669 750 754 «Qui
770 667 892 733 obitum
909 666 1000 732 libor.
1025 665 1151 731 tulcr.»
1176 666 1298 733 alinea

111 787 226 876 scripta
262 800 350 868 sunt;
390 789 472 854 male
508 790 608 855 Maius
642 789 721 855 haec
755 789 913 854 subnectit
946 785 1163 878 praecedentis
1188 787 1297 876 capitis

111 907 207 974 titulo
239 908 318 974 «De
353 921 522 999 pareutum
555 910 770 976 moderatione
780 933 814 988 ,»
851 931 913 998 qua
936 909 1140 996 inscriptione
1162 906 1299 996 gaudere

111 999 283 1093 debentia
303 1040 390 1094 textu
414 1030 485 1096 Lib.
510 1030 538 1093 V
561 1032 638 1120 Cap.
665 1034 684 1095 6
707 1033 725 1115 §
753 1034 839 1096 5-8
865 1028 949 1119 (Val.
966 1027 1004 1107 V,
1017 1027 1065 1115 9),
1088 1051 1105 1091 a
1130 1028 1299 1116 superiori-

111 1149 170 1215 bus
190 1149 384 1215 secernenda
405 1166 572 1240 quaesunt
595 1175 616 1216 t<
628 1152 674 1217 Ile
687 1163 855 1242 parentum
867 1151 1031 1217 serentato
1043 1173 1064 1214 »
1090 1149 1177 1235 (tat.
1192 1148 1232 1226 V,
1247 1147 1296 1236 8);

113 1271 203 1359 atqui
229 1271 300 1336 Lib.
324 1270 353 1332 V
372 1270 473 1361 Caput
497 1276 515 1338 7
540 1271 623 1358 (Val.
640 1272 679 1351 V,
707 1272 761 1359 10)
784 1294 839 1336 eos
863 1271 1041 1337 contineat:
1069 1293 1090 1333 ‹<
1104 1269 1166 1354 Qui
1178 1268 1301 1334 obitum

111 1390 284 1456 liberorum
303 1392 377 1456 forti
397 1393 465 1457 scil.
488 1391 790 1470 animotulerunto)
802 1414 877 1460 nam
889 1391 1015 1456 nullum
1025 1389 1122 1456 babet
1133 1400 1301 1479 parentum

112 1510 335 1578 moderationis
367 1513 556 1602 exemplum.
607 1511 759 1578 Similiter
782 1525 867 1578 recte
888 1523 1035 1601 separata
1058 1533 1077 1574 a
1099 1509 1302 1600 praecedenti

113 1632 236 1721 scripsit
268 1632 414 1727 librarius
438 1656 511 1723 pag.
538 1638 557 1698 2
582 1657 650 1699 rers
676 1636 715 1698 21
742 1633 776 1697 iu
797 1633 859 1698 col.
884 1655 955 1723 pn:
982 1633 1104 1717 «Quae
1122 1643 1190 1696 rata
1209 1654 1301 1696 man·

113 1765 264 1831 serunt‚»
288 1776 363 1818 nam
386 1753 447 1820 hoc
471 1754 563 1820 titulo
587 1753 805 1819 inscribendae
829 1765 920 1832 sunt,
943 1765 978 1817 ut
999 1751 1083 1841 apud
1105 1750 1177 1816 vat.
1193 1750 1301 1830 Vlia

116 1874 134 1956 §
164 1875 269 1952 1-5,
295 1874 414 1939 Paridis
439 1874 501 1939 VII
524 1873 645 1965 Capitis
669 1879 689 1939 8
714 1872 903 1963 paragraphi
921 1875 1052 1950 8-10,
1072 1871 1151 1937 dum
1160 1871 1303 1960 reliquae

115 1994 134 2076 §
165 1995 295 2058 11-15
320 1975 506 2060 ex'Valerio
532 1994 613 2073 VII,
644 1998 664 2063 8
685 2000 702 2082 §
727 1998 815 2059 5-9
834 2005 998 2083 excerptae
1021 2014 1078 2058 sua
1101 1992 1304 2082 inscriptione

114 2113 149 2178 iu
172 2125 260 2179 textu
283 2114 419 2202 gaudere
443 2115 579 2196 debent,
605 2137 688 2204 quae
712 2116 746 2181 in
769 2114 878 2181 Indice
901 2113 1113 2203 capitulorum
1133 2136 1197 2179 uon
1217 2113 1304 2180 deest

114 2235 148 2299 iu
168 2229 293 2300 breuius
312 2237 356 2301 sio
380 2248 558 2301 contracta:
584 2236 681 2320 «Qui
705 2248 813 2301 contra
837 2214 1020 2324 opinionem
1042 2233 1213 2300 heredes.»
1276 2293 1277 2296 ,

619 2475 749 2541 LIBER
773 2476 798 2543 I.

162 2714 266 2805 Caput
297 2717 326 2784 ll
357 2724 375 2805 §
406 2722 438 2784 7.
489 2718 590 2785 Maius
621 2715 707 2783 dedit
737 2714 974 2782 «thensaurum
999 2715 1247 2804 Proserpinae‚»
1271 2727 1304 2781 et

116 2848 201 2904 recte
233 2837 361 2926 quidem
391 2840 435 2904 sic
464 2840 567 2928 prima
601 2860 713 2903 manus
748 2837 913 2926 scripserat
954 2836 1213 2923 thalamorum,
1249 2835 1303 2901 sed

109 2957 164 3024 nil
187 2981 244 3023 nos
267 2972 392 3039 moret,
425 2960 502 3048 quin
525 2958 681 3024 secundae
702 2980 814 3023 manus
838 2957 1066 3023 correctionem
1090 2957 1302 3045 accipiamus,

118 3101 199 3168 quae
220 3078 329 3146 deletis
348 3103 407 3169 per
421 3079 552 3145 lineolas
565 3104 626 3159 ns,
648 3078 767 3144 addidit
779 3101 834 3144 suo
847 3078 917 3144 loco
929 3101 965 3156 o,
983 3079 1026 3142 ita
1039 3090 1075 3143 ut
1089 3075 1303 3167 ibericarum
1424 3163 1425 3167 Ἰ

117 3199 188 3280 fiat3
223 3224 305 3289 quae
338 3224 436 3290 quum
469 3203 512 3267 ita
545 3202 623 3281 sint,
647 3199 855 3290 improbanda
876 3199 1002 3265 ridetur
1026 3198 1102 3265 Maii
1123 3200 1202 3266 ratio
1214 3250 1222 3280 ,
1246 3201 1304 3289 qui

119 3328 137 3411 §
174 3331 194 3401 8
226 3346 290 3388 non
322 3299 451 3390 tantunl
475 3337 584 3390 contra
605 3347 715 3388 sanam
744 3322 967 3412 etymologiam
990 3345 1100 3388 rerum
1123 3321 1173 3388 rel
1197 3320 1306 3388 codice

118 3449 302 3514 adversante
326 3444 412 3510 dedit
436 3447 634 3509 thensauro.

165 3565 244 3657 Gap.
278 3566 323 3631 IV
352 3570 370 3652 §
396 3571 428 3632 5.
478 3566 575 3632 Recte
599 3567 728 3631 omniuo
752 3564 917 3653 llempiius
939 3562 1117 3629 emendarit
1140 3562 1216 3627 Maii
1238 3562 1304 3628 lac-

116 3691 257 3755 tionem:
285 3710 306 3750 a<
318 3686 365 3752 In
385 3689 545 3773 sequenti
566 3698 659 3752 nocte
684 3684 774 3751 aedes
795 3685 908 3750 Vestae
920 3685 995 3749 arsit
1006 3706 1041 3762 ,a
1064 3681 1197 3772 legendo
1210 3680 1304 3748 «Irt-

117 3812 321 3898 sequenti,»
356 3829 429 3871 nam
453 3807 498 3871 sie
521 3806 617 3872 codex
642 3828 768 3895 quoque
792 3805 898 3871 locum
921 3802 1067 3882 exhibet,
1094 3802 1179 3892 quod
1203 3803 1305 3870 Maius

79 3976 82 3981 -
117 3931 209 3997 altari
246 3928 424 4019 praeripere
459 3929 624 4017 potuisset3
663 3927 858 4016 Nepotianus
890 3923 989 4013 habet
1018 3922 1149 4014 simplex
1171 3925 1304 3992 sertum

118 4051 296 4140 «sequenti
319 4061 450 4116 nocte.»

164 4171 245 4236 thid.
273 4173 290 4255 §
315 4175 348 4237 7.
390 4170 491 4236 Venio
515 4169 554 4234 ad
578 4168 665 4234 aliud
688 4190 830 4234 errorum
851 4188 972 4256 genus,
998 4167 1060 4232 nisi
1078 4167 1304 4258 negligentiam

118 4291 195 4358 ttaii
222 4291 338 4369 maris,
360 4291 485 4380 vquippe
506 4290 561 4379 qui
581 4289 706 4355 nullam
731 4287 772 4353 ob
796 4309 923 4354 causam
946 4289 980 4353 in
1003 4287 1111 4354 multis
1132 4288 1210 4354 locis
1232 4312 1303 4354 rer-

117 4413 229 4479 borum
267 4412 410 4477 ordinem
446 4411 686 4500 transposuerit3
725 4411 757 4474 in
791 4409 951 4499 plerisque
983 4408 1029 4476 nil
1050 4409 1126 4474 facit
1150 4408 1189 4475 ad
1213 4432 1301 4488 rem,

118 4557 184 4600 non
214 4534 386 4624 obloquor,
416 4533 469 4598 sed
501 4557 559 4600 cur
583 4555 698 4622 quaeso
723 4531 763 4596 ab
787 4531 898 4622 optimi
921 4529 1037 4597 codicis
1061 4532 1214 4620 scriptura
1239 4528 1303 4594 dis-

119 4655 234 4722 cedas?
278 4657 347 4724 lino
383 4656 578 4745 saepiuscule
611 4654 754 4723 Valerius
789 4654 838 4720 rel
862 4653 958 4720 semel
982 4652 1142 4742 inspectus
1165 4673 1303 4718 errorem
