<?xml version="1.0" encoding="UTF-8"?>
<!DOCTYPE html PUBLIC "-//W3C//DTD XHTML 1.0 Transitional//EN"
    "http://www.w3.org/TR/xhtml1/DTD/xhtml1-transitional.dtd">
<html xmlns="http://www.w3.org/1999/xhtml" xml:lang="en" lang="en">
 <head>
  <title>
</title>
<meta http-equiv="Content-Type" content="text/html;charset=utf-8" />
  <meta name='ocr-system' content='tesseract 3.04.00' />
  <meta name='ocr-capabilities' content='ocr_page ocr_carea ocr_par ocr_line ocrx_word'/>
</head>
<body>
  <div class='ocr_page' id='page_1' title='image "./schedaevaticana01rieugoog_0117.png"; bbox 0 0 2946 5182; ppageno 0'>
   <div class='ocr_carea' id='block_1_1' title="bbox 520 363 955 414">
    <p class='ocr_par' dir='ltr' id='par_1_1' title="bbox 520 363 955 414">
     <span class='ocr_line' id='line_1_1' title="bbox 520 363 955 414; baseline 0.005 -4"><span class='ocrx_word' id='word_1_1' title='bbox 520 364 639 410; x_wconf 82' lang='lat' dir='ltr'>CICERO</span> <span class='ocrx_word' id='word_1_2' title='bbox 664 365 707 410; x_wconf 78' lang='lat' dir='ltr'>DE</span> <span class='ocrx_word' id='word_1_3' title='bbox 732 363 773 408; x_wconf 78' lang='lat' dir='ltr'>RE</span> <span class='ocrx_word' id='word_1_4' title='bbox 800 365 955 414; x_wconf 77' lang='lat' dir='ltr'>PUBLlCA.</span> 
     </span>
    </p>
   </div>
   <div class='ocr_carea' id='block_1_2' title="bbox 251 535 419 722">
    <p class='ocr_par' dir='ltr' id='par_1_2' title="bbox 251 535 419 722">
     <span class='ocr_line' id='line_1_2' title="bbox 251 535 401 622; baseline 0 -24"><span class='ocrx_word' id='word_1_5' title='bbox 251 535 401 622; x_wconf 82' lang='lat' dir='ltr'><strong>religione</strong></span> 
     </span>
     <span class='ocr_line' id='line_1_3' title="bbox 253 657 419 722; baseline -0.012 -1"><span class='ocrx_word' id='word_1_6' title='bbox 253 657 419 722; x_wconf 85' lang='lat' dir='ltr'>elementia</span> 
     </span>
    </p>
   </div>
   <div class='ocr_carea' id='block_1_3' title="bbox 137 1154 336 1238">
    <p class='ocr_par' dir='ltr' id='par_1_3' title="bbox 137 1154 336 1238">
     <span class='ocr_line' id='line_1_4' title="bbox 137 1154 336 1238; baseline 0 -21"><span class='ocrx_word' id='word_1_7' title='bbox 137 1157 220 1237; x_wconf 75' lang='lat' dir='ltr'>§aa</span> <span class='ocrx_word' id='word_1_8' title='bbox 249 1154 336 1238; x_wconf 79' lang='lat' dir='ltr'>Quae</span> 
     </span>
    </p>
   </div>
   <div class='ocr_carea' id='block_1_4' title="bbox 246 1325 557 1778">
    <p class='ocr_par' dir='ltr' id='par_1_4' title="bbox 248 1325 487 1404">
     <span class='ocr_line' id='line_1_5' title="bbox 248 1325 487 1404; baseline -0.013 -13"><span class='ocrx_word' id='word_1_9' title='bbox 248 1340 314 1404; x_wconf 87' lang='lat' dir='ltr'>est,</span> <span class='ocrx_word' id='word_1_10' title='bbox 341 1325 487 1389; x_wconf 73' lang='lat' dir='ltr'>Africane</span> 
     </span>
    </p>

    <p class='ocr_par' dir='ltr' id='par_1_5' title="bbox 248 1448 445 1536">
     <span class='ocr_line' id='line_1_6' title="bbox 248 1448 445 1536; baseline -0.005 -22"><span class='ocrx_word' id='word_1_11' title='bbox 248 1448 445 1536; x_wconf 75' lang='lat' dir='ltr'>Pythagorae</span> 
     </span>
    </p>

    <p class='ocr_par' dir='ltr' id='par_1_6' title="bbox 246 1567 557 1778">
     <span class='ocr_line' id='line_1_7' title="bbox 246 1567 557 1659; baseline -0.013 -24"><span class='ocrx_word' id='word_1_12' title='bbox 246 1572 343 1659; x_wconf 89' lang='lat' dir='ltr'>ipsius</span> <span class='ocrx_word' id='word_1_13' title='bbox 367 1568 396 1633; x_wconf 90' lang='lat' dir='ltr'>d.</span> <span class='ocrx_word' id='word_1_14' title='bbox 423 1591 449 1632; x_wconf 92' lang='lat' dir='ltr'>a.</span> <span class='ocrx_word' id='word_1_15' title='bbox 473 1590 499 1632; x_wconf 84' lang='lat' dir='ltr'>e.</span> <span class='ocrx_word' id='word_1_16' title='bbox 521 1567 557 1632; x_wconf 89' lang='lat' dir='ltr'>P.</span> 
     </span>
     <span class='ocr_line' id='line_1_8' title="bbox 290 1689 411 1778; baseline -0.008 -22"><span class='ocrx_word' id='word_1_17' title='bbox 290 1692 384 1756; x_wconf 77' lang='lat' dir='ltr'>fuisse</span> <span class='ocrx_word' id='word_1_18' title='bbox 406 1689 411 1778; x_wconf 85' lang='grc' dir='ltr'>Ι</span> 
     </span>
    </p>
   </div>
   <div class='ocr_carea' id='block_1_5' title="bbox 244 1861 560 2280">
    <p class='ocr_par' dir='ltr' id='par_1_7' title="bbox 244 1861 560 2280">
     <span class='ocr_line' id='line_1_9' title="bbox 244 1861 521 1928; baseline -0.007 0"><span class='ocrx_word' id='word_1_19' title='bbox 244 1878 322 1928; x_wconf 89' lang='lat' dir='ltr'>natu</span> <span class='ocrx_word' id='word_1_20' title='bbox 346 1861 521 1928; x_wconf 82' lang='lat' dir='ltr'>audirimus</span> 
     </span>
     <span class='ocr_line' id='line_1_10' title="bbox 245 2040 560 2128; baseline -0.019 -20"><span class='ocrx_word' id='word_1_21' title='bbox 245 2056 276 2108; x_wconf 85' lang='lat' dir='ltr'>et</span> <span class='ocrx_word' id='word_1_22' title='bbox 296 2044 339 2107; x_wconf 89' lang='lat' dir='ltr'>ita</span> <span class='ocrx_word' id='word_1_23' title='bbox 355 2040 560 2128; x_wconf 75' lang='lat' dir='ltr'>intelligimus</span> 
     </span>
     <span class='ocr_line' id='line_1_11' title="bbox 246 2213 456 2280; baseline -0.005 -1"><span class='ocrx_word' id='word_1_24' title='bbox 246 2213 408 2280; x_wconf 91' lang='lat' dir='ltr'>annalium</span> <span class='ocrx_word' id='word_1_25' title='bbox 453 2233 456 2237; x_wconf 76' lang='grc'>’</span> 
     </span>
    </p>
   </div>
   <div class='ocr_carea' id='block_1_6' title="bbox 243 2391 562 2469">
    <p class='ocr_par' dir='ltr' id='par_1_8' title="bbox 243 2391 562 2469">
     <span class='ocr_line' id='line_1_12' title="bbox 243 2391 562 2469; baseline -0.016 -12"><span class='ocrx_word' id='word_1_26' title='bbox 243 2393 345 2469; x_wconf 91' lang='lat' dir='ltr'>enim,</span> <span class='ocrx_word' id='word_1_27' title='bbox 368 2391 493 2466; x_wconf 82' lang='lat' dir='ltr'>Manili,</span> <span class='ocrx_word' id='word_1_28' title='bbox 512 2391 562 2453; x_wconf 95' lang='lat' dir='ltr'>in·</span> 
     </span>
    </p>
   </div>
   <div class='ocr_carea' id='block_1_7' title="bbox 195 2512 451 3299">
    <p class='ocr_par' dir='ltr' id='par_1_9' title="bbox 242 2512 451 2953">
     <span class='ocr_line' id='line_1_13' title="bbox 290 2512 435 2603; baseline -0.007 -26"><span class='ocrx_word' id='word_1_29' title='bbox 290 2515 378 2603; x_wconf 88' lang='lat' dir='ltr'>quit,</span> <span class='ocrx_word' id='word_1_30' title='bbox 403 2512 435 2576; x_wconf 92' lang='lat' dir='ltr'>id</span> 
     </span>
     <span class='ocr_line' id='line_1_14' title="bbox 243 2691 393 2754; baseline -0.007 -1"><span class='ocrx_word' id='word_1_31' title='bbox 243 2691 354 2754; x_wconf 84' lang='lat' dir='ltr'>fictum</span> <span class='ocrx_word' id='word_1_32' title='bbox 389 2743 393 2753; x_wconf 82' lang='grc'><em>,</em></span> 
     </span>
     <span class='ocr_line' id='line_1_15' title="bbox 242 2864 451 2953; baseline -0.005 -25"><span class='ocrx_word' id='word_1_33' title='bbox 242 2864 386 2953; x_wconf 87' lang='lat' dir='ltr'>imperite</span> <span class='ocrx_word' id='word_1_34' title='bbox 449 2883 451 2887; x_wconf 84' lang='grc'><strong>’</strong></span> 
     </span>
    </p>

    <p class='ocr_par' dir='ltr' id='par_1_10' title="bbox 195 3037 431 3299">
     <span class='ocr_line' id='line_1_16' title="bbox 195 3037 352 3101; baseline 0.013 -3"><span class='ocrx_word' id='word_1_35' title='bbox 195 3082 197 3084; x_wconf 26' lang='grc' dir='ltr'>ψ</span> <span class='ocrx_word' id='word_1_36' title='bbox 243 3037 352 3101; x_wconf 87' lang='lat' dir='ltr'>fictum</span> 
     </span>
     <span class='ocr_line' id='line_1_17' title="bbox 243 3210 431 3299; baseline -0.016 -24"><span class='ocrx_word' id='word_1_37' title='bbox 243 3234 306 3299; x_wconf 88' lang='lat' dir='ltr'>non</span> <span class='ocrx_word' id='word_1_38' title='bbox 330 3210 431 3274; x_wconf 90' lang='lat' dir='ltr'>solum</span> 
     </span>
    </p>
   </div>
   <div class='ocr_carea' id='block_1_8' title="bbox 242 3381 512 3460">
    <p class='ocr_par' dir='ltr' id='par_1_11' title="bbox 242 3381 512 3460">
     <span class='ocr_line' id='line_1_18' title="bbox 242 3381 512 3460; baseline -0.004 -14"><span class='ocrx_word' id='word_1_39' title='bbox 242 3384 324 3448; x_wconf 88' lang='lat' dir='ltr'>faeta</span> <span class='ocrx_word' id='word_1_40' title='bbox 348 3405 433 3460; x_wconf 87' lang='lat' dir='ltr'>esse,</span> <span class='ocrx_word' id='word_1_41' title='bbox 460 3381 512 3447; x_wconf 91' lang='lat' dir='ltr'>sed</span> 
     </span>
    </p>
   </div>
   <div class='ocr_carea' id='block_1_9' title="bbox 180 3989 556 4759">
    <p class='ocr_par' dir='ltr' id='par_1_12' title="bbox 180 3989 556 4759">
     <span class='ocr_line' id='line_1_19' title="bbox 214 3989 502 4080; baseline -0.01 -25"><span class='ocrx_word' id='word_1_42' title='bbox 214 4038 217 4044; x_wconf 56' lang='lat'>=</span> <span class='ocrx_word' id='word_1_43' title='bbox 244 4005 392 4080; x_wconf 90' lang='lat' dir='ltr'>quartum</span> <span class='ocrx_word' id='word_1_44' title='bbox 413 3989 418 4080; x_wconf 87' lang='grc' dir='ltr'>Ι</span> <span class='ocrx_word' id='word_1_45' title='bbox 439 3991 502 4053; x_wconf 88' lang='lat' dir='ltr'>iarn</span> 
     </span>
     <span class='ocr_line' id='line_1_20' title="bbox 242 4132 556 4222; baseline -0.006 -25"><span class='ocrx_word' id='word_1_46' title='bbox 242 4146 394 4222; x_wconf 77' lang='lat' dir='ltr'>regnante</span> <span class='ocrx_word' id='word_1_47' title='bbox 457 4132 556 4197; x_wconf 85' lang='lat' dir='ltr'>Lucio</span> 
     </span>
     <span class='ocr_line' id='line_1_21' title="bbox 180 4252 459 4343; baseline -0.007 -24"><span class='ocrx_word' id='word_1_48' title='bbox 180 4283 186 4296; x_wconf 89' lang='lat'><strong>·</strong></span> <span class='ocrx_word' id='word_1_49' title='bbox 244 4252 251 4268; x_wconf 85' lang='lat'><em>&#39;</em></span> <span class='ocrx_word' id='word_1_50' title='bbox 288 4255 459 4343; x_wconf 86' lang='lat' dir='ltr'>Tarquinio</span> 
     </span>
     <span class='ocr_line' id='line_1_22' title="bbox 241 4424 387 4513; baseline -0.014 -22"><span class='ocrx_word' id='word_1_51' title='bbox 241 4424 387 4513; x_wconf 80' lang='lat' dir='ltr'>Sybarim</span> 
     </span>
     <span class='ocr_line' id='line_1_23' title="bbox 240 4546 551 4638; baseline -0.003 -27"><span class='ocrx_word' id='word_1_52' title='bbox 240 4560 344 4638; x_wconf 83' lang='lat' dir='ltr'>partes</span> <span class='ocrx_word' id='word_1_53' title='bbox 361 4546 551 4635; x_wconf 78' lang='lat' dir='ltr'>Pythagoras</span> 
     </span>
     <span class='ocr_line' id='line_1_24' title="bbox 241 4670 396 4759; baseline -0.026 -24"><span class='ocrx_word' id='word_1_54' title='bbox 241 4670 396 4759; x_wconf 89' lang='lat' dir='ltr'>reperitur</span> 
     </span>
    </p>
   </div>
   <div class='ocr_carea' id='block_1_10' title="bbox 614 549 818 724">
    <p class='ocr_par' dir='ltr' id='par_1_13' title="bbox 614 549 818 724">
     <span class='ocr_line' id='line_1_25' title="bbox 614 549 803 602; baseline 0.021 -3"><span class='ocrx_word' id='word_1_55' title='bbox 614 549 803 602; x_wconf 68' lang='lat' dir='ltr'>neumare*</span> 
     </span>
     <span class='ocr_line' id='line_1_26' title="bbox 614 676 818 724; baseline -0.015 -2"><span class='ocrx_word' id='word_1_56' title='bbox 614 676 818 724; x_wconf 78' lang='lat' dir='ltr'>cneaenama</span> 
     </span>
    </p>
   </div>
   <div class='ocr_carea' id='block_1_11' title="bbox 627 882 835 975">
    <p class='ocr_par' dir='ltr' id='par_1_14' title="bbox 627 882 835 975">
     <span class='ocr_line' id='line_1_27' title="bbox 627 882 835 975; baseline -0.005 -26"><span class='ocrx_word' id='word_1_57' title='bbox 627 882 741 975; x_wconf 76' lang='lat' dir='ltr'>Caput</span> <span class='ocrx_word' id='word_1_58' title='bbox 766 884 835 949; x_wconf 83' lang='lat' dir='ltr'>XV.</span> 
     </span>
    </p>
   </div>
   <div class='ocr_carea' id='block_1_12' title="bbox 607 1103 1335 2104">
    <p class='ocr_par' dir='ltr' id='par_1_15' title="bbox 608 1103 1335 1782">
     <span class='ocr_line' id='line_1_28' title="bbox 641 1103 669 1137; baseline -0.179 0"><span class='ocrx_word' id='word_1_59' title='bbox 641 1103 669 1137; x_wconf 74' lang='lat' dir='ltr'>Ae</span> 
     </span>
     <span class='ocr_line' id='line_1_29' title="bbox 610 1173 664 1236; baseline 0 -23"><span class='ocrx_word' id='word_1_60' title='bbox 610 1173 664 1236; x_wconf 87' lang='lat' dir='ltr'>qur</span> 
     </span>
     <span class='ocr_line' id='line_1_30' title="bbox 612 1323 1083 1413; baseline -0.002 -25"><span class='ocrx_word' id='word_1_61' title='bbox 612 1343 845 1390; x_wconf 73' lang='lat' dir='ltr'>srrlrmclnre</span> <span class='ocrx_word' id='word_1_62' title='bbox 942 1323 971 1387; x_wconf 94' lang='lat' dir='ltr'>d.</span> <span class='ocrx_word' id='word_1_63' title='bbox 998 1344 1083 1413; x_wconf 89' lang='lat' dir='ltr'>pr.r</span> 
     </span>
     <span class='ocr_line' id='line_1_31' title="bbox 612 1445 869 1512; baseline -0.004 -1"><span class='ocrx_word' id='word_1_64' title='bbox 612 1445 869 1512; x_wconf 80' lang='lat' dir='ltr'>rrrhaaonaene</span> 
     </span>
     <span class='ocr_line' id='line_1_32' title="bbox 608 1566 1335 1657; baseline 0.004 -26"><span class='ocrx_word' id='word_1_65' title='bbox 608 1567 694 1632; x_wconf 85' lang='lat' dir='ltr'>Haec</span> <span class='ocrx_word' id='word_1_66' title='bbox 714 1566 758 1631; x_wconf 75' lang='lat' dir='ltr'>&#39;in</span> <span class='ocrx_word' id='word_1_67' title='bbox 781 1590 854 1657; x_wconf 87' lang='lat' dir='ltr'>pag.</span> <span class='ocrx_word' id='word_1_68' title='bbox 882 1571 946 1632; x_wconf 84' lang='lat'>295</span> <span class='ocrx_word' id='word_1_69' title='bbox 968 1569 1080 1633; x_wconf 87' lang='lat' dir='ltr'>omissa</span> <span class='ocrx_word' id='word_1_70' title='bbox 1104 1567 1227 1633; x_wconf 89' lang='lat' dir='ltr'>addidit</span> <span class='ocrx_word' id='word_1_71' title='bbox 1254 1573 1274 1633; x_wconf 88' lang='grc'>2</span> <span class='ocrx_word' id='word_1_72' title='bbox 1301 1571 1335 1634; x_wconf 91' lang='lat' dir='ltr'>in</span> 
     </span>
     <span class='ocr_line' id='line_1_33' title="bbox 652 1689 1248 1782; baseline 0.005 -30"><span class='ocrx_word' id='word_1_73' title='bbox 652 1690 715 1753; x_wconf 93' lang='lat' dir='ltr'>imo</span> <span class='ocrx_word' id='word_1_74' title='bbox 739 1689 881 1782; x_wconf 87' lang='lat' dir='ltr'>margine</span> <span class='ocrx_word' id='word_1_75' title='bbox 909 1690 1041 1778; x_wconf 84' lang='lat' dir='ltr'>paginae</span> <span class='ocrx_word' id='word_1_76' title='bbox 1066 1690 1248 1778; x_wconf 86' lang='lat' dir='ltr'>superioris.</span> 
     </span>
    </p>

    <p class='ocr_par' dir='ltr' id='par_1_16' title="bbox 607 1819 1194 2104">
     <span class='ocr_line' id='line_1_34' title="bbox 812 1819 835 1849; baseline 0 0"><span class='ocrx_word' id='word_1_77' title='bbox 812 1819 835 1849; x_wconf 69' lang='grc' dir='ltr'>ΕΙ</span> 
     </span>
     <span class='ocr_line' id='line_1_35' title="bbox 608 1823 1194 1952; baseline 0.003 -24"><span class='ocrx_word' id='word_1_78' title='bbox 608 1823 858 1952; x_wconf 66' lang='lat' dir='ltr'>aaruaaubrlrus</span> <span class='ocrx_word' id='word_1_79' title='bbox 953 1865 982 1929; x_wconf 89' lang='lat' dir='ltr'>d.</span> <span class='ocrx_word' id='word_1_80' title='bbox 1010 1887 1031 1925; x_wconf 79' lang='lat' dir='ltr'>a</span> <span class='ocrx_word' id='word_1_81' title='bbox 1054 1877 1128 1930; x_wconf 80' lang='lat' dir='ltr'>eta</span> <span class='ocrx_word' id='word_1_82' title='bbox 1192 1879 1194 1883; x_wconf 77' lang='grc'>’</span> 
     </span>
     <span class='ocr_line' id='line_1_36' title="bbox 607 2057 936 2104; baseline 0.006 -2"><span class='ocrx_word' id='word_1_83' title='bbox 607 2057 936 2104; x_wconf 76' lang='lat' dir='ltr'>earrarnrenaeemus</span> 
     </span>
    </p>
   </div>
   <div class='ocr_carea' id='block_1_13' title="bbox 610 2233 819 2278">
    <p class='ocr_par' dir='ltr' id='par_1_17' title="bbox 610 2233 819 2278">
     <span class='ocr_line' id='line_1_37' title="bbox 610 2233 819 2278; baseline -0.019 0"><span class='ocrx_word' id='word_1_84' title='bbox 610 2233 819 2278; x_wconf 68' lang='lat' dir='ltr'>annuentium</span> 
     </span>
    </p>
   </div>
   <div class='ocr_carea' id='block_1_14' title="bbox 595 2332 841 2373">
    <p class='ocr_par' dir='ltr' id='par_1_18' title="bbox 595 2332 841 2373">
     <span class='ocr_line' id='line_1_38' title="bbox 595 2332 841 2373; baseline 0.008 -2"><span class='ocrx_word' id='word_1_85' title='bbox 595 2337 646 2372; x_wconf 65' lang='lat' dir='ltr'>edin</span> <span class='ocrx_word' id='word_1_86' title='bbox 820 2332 841 2373; x_wconf 75' lang='grc' dir='ltr'>ιδ</span> 
     </span>
    </p>
   </div>
   <div class='ocr_carea' id='block_1_15' title="bbox 606 2408 825 2477">
    <p class='ocr_par' dir='ltr' id='par_1_19' title="bbox 606 2408 825 2477">
     <span class='ocr_line' id='line_1_39' title="bbox 606 2408 825 2477; baseline 0.027 -29"><span class='ocrx_word' id='word_1_87' title='bbox 606 2408 825 2477; x_wconf 72' lang='lat' dir='ltr'>nlnrnrrnqurr</span> 
     </span>
    </p>
   </div>
   <div class='ocr_carea' id='block_1_16' title="bbox 604 2648 940 2927">
    <p class='ocr_par' dir='ltr' id='par_1_20' title="bbox 604 2648 940 2927">
     <span class='ocr_line' id='line_1_40' title="bbox 627 2648 633 2672; baseline 0 0"><span class='ocrx_word' id='word_1_88' title='bbox 627 2648 633 2672; x_wconf 85' lang='lat'>1</span> 
     </span>
     <span class='ocr_line' id='line_1_41' title="bbox 604 2708 730 2754; baseline 0.008 -2"><span class='ocrx_word' id='word_1_89' title='bbox 604 2708 730 2754; x_wconf 78' lang='lat' dir='ltr'>merua</span> 
     </span>
     <span class='ocr_line' id='line_1_42' title="bbox 604 2862 940 2927; baseline -0.006 -1"><span class='ocrx_word' id='word_1_90' title='bbox 604 2881 772 2927; x_wconf 78' lang='lat' dir='ltr'>rarenrrae</span> <span class='ocrx_word' id='word_1_91' title='bbox 866 2862 896 2925; x_wconf 88' lang='lat' dir='ltr'>d.</span> <span class='ocrx_word' id='word_1_92' title='bbox 921 2882 940 2924; x_wconf 80' lang='lat' dir='ltr'>l</span> 
     </span>
    </p>
   </div>
   <div class='ocr_carea' id='block_1_17' title="bbox 603 2995 733 3101">
    <p class='ocr_par' dir='ltr' id='par_1_21' title="bbox 603 2995 733 3101">
     <span class='ocr_line' id='line_1_43' title="bbox 629 2995 635 3019; baseline 0 0"><span class='ocrx_word' id='word_1_93' title='bbox 629 2995 635 3019; x_wconf 82' lang='grc' dir='ltr'>ι</span> 
     </span>
     <span class='ocr_line' id='line_1_44' title="bbox 603 3055 733 3101; baseline -0.031 -1"><span class='ocrx_word' id='word_1_94' title='bbox 603 3055 733 3101; x_wconf 70' lang='lat' dir='ltr'>lacrum</span> 
     </span>
    </p>
   </div>
   <div class='ocr_carea' id='block_1_18' title="bbox 604 3162 722 3275">
    <p class='ocr_par' dir='ltr' id='par_1_22' title="bbox 604 3162 722 3275">
     <span class='ocr_line' id='line_1_45' title="bbox 649 3162 722 3199; baseline 0.055 -4"><span class='ocrx_word' id='word_1_95' title='bbox 649 3162 722 3199; x_wconf 76' lang='lat' dir='ltr'>sanun</span> 
     </span>
     <span class='ocr_line' id='line_1_46' title="bbox 604 3229 667 3275; baseline 0.032 -2"><span class='ocrx_word' id='word_1_96' title='bbox 604 3229 667 3275; x_wconf 86' lang='lat' dir='ltr'>NON</span> 
     </span>
    </p>
   </div>
   <div class='ocr_carea' id='block_1_19' title="bbox 638 3335 756 3368">
    <p class='ocr_par' dir='ltr' id='par_1_23' title="bbox 638 3335 756 3368">
     <span class='ocr_line' id='line_1_47' title="bbox 638 3335 756 3368; baseline 0 -1"><span class='ocrx_word' id='word_1_97' title='bbox 638 3341 645 3367; x_wconf 86' lang='grc' dir='ltr'>ι</span> <span class='ocrx_word' id='word_1_98' title='bbox 705 3335 756 3368; x_wconf 81' lang='lat' dir='ltr'>esse</span> 
     </span>
    </p>
   </div>
   <div class='ocr_carea' id='block_1_20' title="bbox 604 3381 1336 3835">
    <p class='ocr_par' dir='ltr' id='par_1_24' title="bbox 604 3381 1336 3835">
     <span class='ocr_line' id='line_1_48' title="bbox 604 3381 1332 3471; baseline 0.01 -25"><span class='ocrx_word' id='word_1_99' title='bbox 604 3402 767 3448; x_wconf 13' lang='lat' dir='ltr'>racanasea</span> <span class='ocrx_word' id='word_1_100' title='bbox 869 3381 946 3448; x_wconf 86' lang='lat' dir='ltr'>Cod.</span> <span class='ocrx_word' id='word_1_101' title='bbox 977 3387 990 3447; x_wconf 93' lang='lat' dir='ltr'>l</span> <span class='ocrx_word' id='word_1_102' title='bbox 1011 3382 1138 3469; x_wconf 82' lang='lat' dir='ltr'>faeta,</span> <span class='ocrx_word' id='word_1_103' title='bbox 1166 3387 1186 3447; x_wconf 89' lang='lat'><strong>2</strong></span> <span class='ocrx_word' id='word_1_104' title='bbox 1203 3385 1332 3471; x_wconf 79' lang='lat' dir='ltr'>falsa.</span> 
     </span>
     <span class='ocr_line' id='line_1_49' title="bbox 649 3503 1336 3589; baseline 0.013 -23"><span class='ocrx_word' id='word_1_105' title='bbox 649 3503 762 3570; x_wconf 86' lang='lat' dir='ltr'>Maius.</span> <span class='ocrx_word' id='word_1_106' title='bbox 812 3504 902 3589; x_wconf 80' lang='lat' dir='ltr'>Quod</span> <span class='ocrx_word' id='word_1_107' title='bbox 938 3505 962 3567; x_wconf 88' lang='lat' dir='ltr'>si</span> <span class='ocrx_word' id='word_1_108' title='bbox 997 3526 1105 3568; x_wconf 81' lang='lat' dir='ltr'>rerurn</span> <span class='ocrx_word' id='word_1_109' title='bbox 1140 3517 1213 3585; x_wconf 89' lang='lat' dir='ltr'>est,</span> <span class='ocrx_word' id='word_1_110' title='bbox 1253 3508 1336 3576; x_wconf 88' lang='lat' dir='ltr'>latet</span> 
     </span>
     <span class='ocr_line' id='line_1_50' title="bbox 649 3623 1334 3713; baseline 0.007 -24"><span class='ocrx_word' id='word_1_111' title='bbox 649 3623 827 3690; x_wconf 87' lang='lat' dir='ltr'>emendatio</span> <span class='ocrx_word' id='word_1_112' title='bbox 840 3625 897 3689; x_wconf 89' lang='lat' dir='ltr'>sub</span> <span class='ocrx_word' id='word_1_113' title='bbox 912 3624 1079 3713; x_wconf 77' lang='lat' dir='ltr'>Augustini</span> <span class='ocrx_word' id='word_1_114' title='bbox 1091 3624 1334 3710; x_wconf 78' lang='lat' dir='ltr'>desiderium,-</span> 
     </span>
     <span class='ocr_line' id='line_1_51' title="bbox 646 3745 1334 3835; baseline 0.012 -25"><span class='ocrx_word' id='word_1_115' title='bbox 646 3745 794 3835; x_wconf 89' lang='lat' dir='ltr'>equidem</span> <span class='ocrx_word' id='word_1_116' title='bbox 830 3746 892 3835; x_wconf 91' lang='lat' dir='ltr'>legi</span> <span class='ocrx_word' id='word_1_117' title='bbox 922 3745 1121 3813; x_wconf 89' lang='lat' dir='ltr'>emendatam</span> <span class='ocrx_word' id='word_1_118' title='bbox 1152 3747 1334 3817; x_wconf 88' lang='lat' dir='ltr'>lectionem</span> 
     </span>
    </p>
   </div>
   <div class='ocr_carea' id='block_1_21' title="bbox 603 3867 939 4077">
    <p class='ocr_par' dir='ltr' id='par_1_25' title="bbox 603 3867 939 4077">
     <span class='ocr_line' id='line_1_52' title="bbox 634 3867 741 3953; baseline 0.019 -22"><span class='ocrx_word' id='word_1_119' title='bbox 634 3867 741 3953; x_wconf 84' lang='lat' dir='ltr'>ficta.</span> 
     </span>
     <span class='ocr_line' id='line_1_53' title="bbox 603 3989 939 4077; baseline 0.009 -26"><span class='ocrx_word' id='word_1_120' title='bbox 603 4010 635 4077; x_wconf 87' lang='lat' dir='ltr'>p.</span> <span class='ocrx_word' id='word_1_121' title='bbox 662 3991 740 4053; x_wconf 86' lang='grc'><strong>296.</strong></span> <span class='ocrx_word' id='word_1_122' title='bbox 791 3989 826 4073; x_wconf 81' lang='lat' dir='ltr'>Q.</span> <span class='ocrx_word' id='word_1_123' title='bbox 854 3989 939 4055; x_wconf 83' lang='lat' dir='ltr'><strong>XVI.</strong></span> 
     </span>
    </p>
   </div>
   <div class='ocr_carea' id='block_1_22' title="bbox 604 4104 1335 4318">
    <p class='ocr_par' dir='ltr' id='par_1_26' title="bbox 604 4104 1335 4318">
     <span class='ocr_line' id='line_1_54' title="bbox 604 4104 1335 4222; baseline 0.011 -26"><span class='ocrx_word' id='word_1_124' title='bbox 604 4104 1134 4222; x_wconf 67' lang='lat' dir='ltr'>aennanreaaucirroranqurmoi</span> <span class='ocrx_word' id='word_1_125' title='bbox 1195 4163 1198 4167; x_wconf 42' lang='lat'><strong>¹</strong></span> <span class='ocrx_word' id='word_1_126' title='bbox 1249 4140 1284 4206; x_wconf 87' lang='lat' dir='ltr'>d.</span> <span class='ocrx_word' id='word_1_127' title='bbox 1313 4163 1335 4203; x_wconf 75' lang='lat' dir='ltr'>n</span> 
     </span>
     <span class='ocr_line' id='line_1_55' title="bbox 646 4266 734 4318; baseline 0 -1"><span class='ocrx_word' id='word_1_128' title='bbox 646 4266 677 4317; x_wconf 87' lang='lat' dir='ltr'>et</span> <span class='ocrx_word' id='word_1_129' title='bbox 702 4272 734 4318; x_wconf 78' lang='lat' dir='ltr'>LI</span> 
     </span>
    </p>
   </div>
   <div class='ocr_carea' id='block_1_23' title="bbox 594 4379 724 4492">
    <p class='ocr_par' dir='ltr' id='par_1_27' title="bbox 594 4379 724 4492">
     <span class='ocr_line' id='line_1_56' title="bbox 594 4379 606 4411; baseline 0 0"><span class='ocrx_word' id='word_1_130' title='bbox 594 4379 606 4411; x_wconf 83' lang='lat' dir='ltr'>s</span> 
     </span>
     <span class='ocr_line' id='line_1_57' title="bbox 601 4444 724 4492; baseline -0.024 -2"><span class='ocrx_word' id='word_1_131' title='bbox 601 4444 724 4492; x_wconf 75' lang='lat' dir='ltr'>runata</span> 
     </span>
    </p>
   </div>
   <div class='ocr_carea' id='block_1_24' title="bbox 599 4567 908 4738">
    <p class='ocr_par' dir='ltr' id='par_1_28' title="bbox 599 4567 908 4738">
     <span class='ocr_line' id='line_1_58' title="bbox 599 4567 908 4617; baseline 0.013 -6"><span class='ocrx_word' id='word_1_132' title='bbox 599 4567 908 4617; x_wconf 75' lang='lat' dir='ltr'>raurlst’rraaonas</span> 
     </span>
     <span class='ocr_line' id='line_1_59' title="bbox 600 4687 805 4738; baseline 0.024 -5"><span class='ocrx_word' id='word_1_133' title='bbox 600 4687 805 4738; x_wconf 73' lang='lat' dir='ltr'>nerrealrun</span> 
     </span>
    </p>
   </div>
   <div class='ocr_carea' id='block_1_25' title="bbox 0 0 1478 5182">
    <p class='ocr_par' dir='ltr' id='par_1_29' title="bbox 0 0 1478 5182">
     <span class='ocr_line' id='line_1_60' title="bbox 0 0 1478 5182; baseline 0 2"><span class='ocrx_word' id='word_1_134' title='bbox 0 0 1478 5182; x_wconf 95' lang='lat' dir='ltr'> </span> 
     </span>
    </p>
   </div>
  </div>
 </body>
</html>
