2946 5182
616 382 878 431 rnaronrmnrs.
1277 367 1339 428 153

191 552 279 643 (lap.
317 552 379 632 XI,
415 574 488 641 pag.
527 556 591 617 233
627 576 657 617 r.
695 556 737 618 26
769 555 942 644 requiritur
973 553 1211 631 coniunctirus,
1246 574 1341 639 quem

147 686 239 741 recte
270 671 396 739 exhibet
420 672 500 737 liber
522 674 773 762 manuscriptus:
823 674 897 739 «At
920 697 993 739 vero
1016 673 1078 740 hoc
1100 674 1204 764 ipsum
1227 671 1340 738 deinde

145 792 538 883 exsequitur-deinde
558 768 682 883 longius
699 807 949 883 prosequatur.»
982 792 1091 861 Scribe
1115 803 1339 882 exsequatur.

199 915 337 980 Adnotat
372 914 473 980 Maius
509 914 548 978 ad
582 915 696 979 rerba:
747 916 816 980 «In
852 916 1020 980 eliciendo
1051 914 1340 1002 enthymematibus

146 1059 223 1102 raro
243 1034 398 1101 utendum
422 1048 498 1100 est»
521 1060 554 1125 p.
583 1039 647 1101 234
672 1061 701 1101 r.
719 1041 783 1115 33,
808 1038 853 1101 ita
876 1036 994 1102 habere
1017 1036 1179 1115 codicem,
1205 1049 1236 1101 at
1261 1034 1341 1101 duc-

146 1171 203 1222 tus
222 1158 278 1247 qui
294 1157 417 1223 litterae
436 1157 461 1221 d
479 1156 648 1234 adhaeret,
673 1180 737 1222 non
757 1157 876 1223 indicat
900 1158 1038 1223 litteram
1062 1182 1080 1222 o
1102 1180 1211 1224 verum
1229 1158 1340 1222 termi-

146 1278 313 1343 nationem
340 1280 385 1341 is.
430 1325 432 1331 .
1007 1265 1011 1273 ’

198 1396 294 1463 Aliud
314 1397 429 1463 excidit
448 1399 550 1487 primo
574 1397 687 1463 editori
711 1421 806 1487 quam
830 1398 954 1477 rolcbat
979 1399 1057 1489 Gap.
1073 1399 1155 1478 XII,
1180 1424 1212 1488 p.
1229 1403 1293 1464 235
1307 1423 1337 1464 v.

151 1523 213 1599 163
237 1519 277 1583 ad
300 1519 414 1584 rerba:
454 1518 701 1608 «Reprehensio
724 1532 789 1598 est,
813 1543 869 1610 per
893 1544 989 1609 quam
1014 1520 1262 1610 argumentando
1283 1520 1339 1585 ad-

146 1642 358 1706 versariorum
397 1641 594 1705 confirmatio
631 1639 770 1706 deluitur
802 1654 856 1707 aut
887 1642 1122 1707 adlectatar»
1157 1642 1335 1708 adnotavit:

147 1762 221 1826 «ita
254 1761 333 1829 Cod.
364 1769 375 1825 1
403 1784 520 1840 manu,
547 1766 566 1824 2
592 1760 790 1826 adlevatur.
839 1761 901 1828 Sed
923 1763 976 1827 illa
994 1764 1081 1853 prior
1104 1763 1268 1828 retinenda
1291 1775 1338 1827 est

146 1883 308 1949 verissima
342 1882 437 1946 lectio
469 1893 578 1946 contra
613 1882 796 1947 criticorum
827 1882 1076 1949 dubitationes.»
1125 1884 1166 1949 At
1200 1882 1336 1949 Orellius

146 2004 282 2070 verbum
312 2004 495 2067 adleaz'are
524 2025 650 2092 prorsus
679 2002 850 2067 barbarum
874 2027 940 2069 esse
963 2005 1087 2070 clamat.
1136 2006 1252 2082 Recte,
1277 2027 1337 2069 nec

145 2124 232 2190 istud
264 2123 431 2190 defendere
459 2124 562 2212 potuit
587 2124 704 2203 Maius,
729 2147 803 2189 nam
827 2125 914 2213 prior
936 2125 1054 2205 lecti0,
1078 2148 1173 2215 quam
1197 2125 1337 2190 retinen-

145 2246 222 2310 dam
245 2257 375 2322 monet,
400 2256 447 2308 θεῖ
470 2244 678 2322 adlevatur,
704 2244 860 2310 secundae
884 2249 993 2312 manui
1016 2246 1184 2314 tribuenda
1208 2259 1254 2312 est
1278 2249 1304 2310 i.

194 2365 362 2452 Perperam
389 2362 467 2451 legit
498 2362 599 2428 editor
615 2429 617 2435 ,
631 2343 673 2427 ai
704 2363 759 2427 ubi
790 2365 893 2428 estin
916 2364 996 2429 libro
1021 2375 1079 2441 at,
1106 2365 1191 2454 quod
1214 2365 1336 2431 etiamsi

144 2483 342 2574 imprudenti
372 2483 513 2549 accidere
543 2495 664 2572 potest,
696 2484 794 2548 miror
825 2483 864 2547 ab
891 2483 1009 2550 Orellio
1032 2508 1096 2549 non
1121 2511 1186 2553 esse
1211 2511 1335 2552 correc-

145 2620 232 2682 tum3
270 2616 316 2668 est
350 2627 381 2692 p.
420 2606 483 2668 237
513 2627 542 2666 r.
576 2607 617 2668 6:
666 2602 762 2668 «Aut
790 2626 864 2667 eam
896 2626 1110 2684 commune,›>
1140 2607 1196 2672 ubi
1228 2609 1338 2673 Victor

145 2726 235 2792 dedit
258 2735 315 2804 at,
351 2724 618 2813 quemadmodum
645 2725 678 2789 in
703 2724 923 2813 sequentibus:
951 2739 1037 2791 «aut
1061 2739 1096 2816 ut
1119 2727 1266 2817 vulgare,
1291 2765 1337 2784 --

144 2859 202 2912 aut
226 2859 262 2912 ut
284 2847 368 2925 lere,
393 2884 438 2895 —
463 2858 517 2911 aut
541 2858 576 2911 ut
599 2859 794 2912 remotum.»

192 2969 352 3034 Librarius
381 2969 503 3057 scripsit
527 2977 577 3046 et,
607 2968 663 3033 ubi
685 2969 718 3032 in
743 2967 881 3034 editione
905 2981 950 3034 est
974 2973 1097 3061 etiam,
1125 2968 1203 3060 Cap.
1232 2956 1330 3049 XIII,

141 3113 218 3181 pag.
253 3093 318 3155 238
346 3114 374 3154 r.
404 3093 467 3154 23:
518 3088 631 3154 «Sunt
662 3089 888 3177 propositiones
917 3111 982 3153 non
1006 3101 1130 3155 tantum
1155 3091 1331 3181 simplices,

132 3213 199 3279 ‘sed
224 3216 329 3277 etiam
354 3211 495 3301 duplices
519 3223 550 3275 et
573 3209 807 3300 multiplices.»

146 3384 150 3390 .
193 3333 284 3417 Quod
321 3355 413 3422 supra
444 3344 529 3397 recte
559 3332 598 3396 ah
630 3330 747 3397 Orellio
778 3346 956 3398 correctum
984 3332 1048 3398 diri
1081 3333 1243 3398 diversas
1273 3357 1331 3425 pro

143 3455 285 3520 divisas
308 3453 520 3532 rescribente,
545 3454 643 3518 miror
662 3477 727 3518 non
751 3455 827 3519 item
855 3478 921 3520 esse
939 3456 1117 3520 restitutum
1140 3452 1217 3544 Cap.
1243 3437 1331 3535 XIII,

141 3599 218 3666 pag.
253 3579 313 3640 241
346 3600 375 3641 r.
409 3579 471 3653 10,
497 3574 581 3663 quod
605 3597 691 3640 nunc
714 3573 794 3639 mihi
816 3575 920 3640 facere
943 3575 1038 3640 liceat
1063 3574 1177 3640 collato
1202 3575 1329 3642 codice:

142 3697 248 3761 «Hoc
271 3698 367 3785 igitur
389 3695 553 3761 vitandum
577 3708 642 3772 est,
667 3718 707 3760 ne
731 3695 820 3760 cuius
840 3695 961 3783 generis
981 3697 1139 3784 posueris,
1163 3667 1231 3762 eius
1251 3698 1332 3765 sicut

141 3818 285 3906 aliquam
316 3817 468 3882 divisam
500 3817 536 3882 ac
559 3816 741 3883 dissimilem
764 3829 887 3906 partem
911 3840 1051 3905 panesa>
1075 3840 1172 3883 nexus
1195 3813 1333 3908 postulat

141 3937 333 4004 diversam.

193 4059 283 4124 Leris
329 4078 415 4125 error
451 4057 653 4148 corrigendus
688 4070 734 4123 est
770 4057 847 4147 Gap.
883 4047 961 4134 XV,
1001 4081 1073 4147 pag.
1107 4062 1171 4124 242
1203 4086 1232 4126 r.
1268 4067 1328 4129 2οε

140 4180 249 4246 «Non
272 4192 396 4246 tantum
420 4182 453 4245 in
476 4179 678 4269 prohoemio,
705 4178 808 4243 sedin
829 4179 916 4243 omni
938 4190 1026 4267 parte
1046 4180 1176 4246 actionis
1197 4184 1331 4250 maxime

138 4301 289 4394 prodest,
310 4313 360 4387 ut
394 4299 535 4365 dicturus
569 4300 751 4377 intueatur,
786 4299 841 4388 qui
874 4297 970 4387 (recte
1001 4299 1163 4390 proposuit
1196 4302 1333 4370 Orellius

140 4421 244 4513 qaid)
269 4434 300 4488 θῖ
325 4421 408 4512 apud
433 4444 528 4511 quem
549 4433 580 4487 et
603 4443 659 4510 pro
685 4443 747 4510 quo
867 4420 1036 4487 dicendum
1060 4421 1108 4486 sit.
1157 4423 1205 4488 Ita
1225 4428 1332 4488 etiam

138 4544 283 4622 facilius,
312 4544 388 4632 quid
406 4542 636 4624 adnitendum,
661 4544 776 4633 poterit
801 4544 959 4610 institui.»
995 4544 1033 4609 ln
1058 4544 1167 4610 codice
1191 4558 1236 4611 cst
1260 4569 1331 4611 vera

138 4667 278 4733 Victoris
301 4688 412 4732 manus
437 4669 539 4732 caim.

1055 4788 1090 4836 17
