2926 5182
321 1108 635 1229 ornan
680 1109 1093 1230 toranius
1213 1058 1216 1063 ’
1339 1218 1346 1232 ,

376 1365 467 1433 SAT.
495 1365 581 1430 xlv.
609 1366 809 1445 323—331,
835 1367 904 1432 XV.
933 1371 1054 1435 1-43.

188 1588 233 1654 nr
259 1585 354 1655 con.
382 1582 576 1651 rinrurs.
603 1583 744 1652 vino.
767 1586 824 1651 ro.
853 1591 958 1666 5750,
982 1612 1055 1678 pag.
1084 1595 1227 1660 77-78.

602 1856 817 1911 -ΘΕΘἏΘ-

158 2097 247 2165 Idem
270 2098 336 2163 fcre
360 2096 482 2164 dictum
507 2096 601 2162 velim
624 2095 663 2162 de
688 2094 786 2161 altero
810 2096 950 2165 eiusdem
975 2099 1091 2168 codicis
1114 2103 1190 2168 folio
1209 2104 1302 2171 Iure·

110 2219 210 2298 nalis,
240 2241 316 2285 narn
347 2219 470 2285 etiamsi
493 2218 588 2283 series
612 2239 755 2281 errorum
778 2217 812 2280 in
836 2215 897 2282 hoc
921 2218 1046 2286 brevior
1069 2223 1129 2303 sit,
1153 2238 1239 2292 recte
1263 2226 1303 2292 ab

111 2339 283 2407 editoribus
317 2339 545 2405 adnumeratur
574 2337 663 2402 libris
695 2335 912 2402 deterioribus.
963 2341 1068 2426 Quum
1092 2367 1164 2410 vero
1189 2371 1207 2411 a
1231 2349 1302 2414 viris

110 2462 209 2528 doctis
244 2464 277 2527 in
314 2483 444 2528 censum
474 2471 627 2526 *vocatum
663 2471 729 2537 est,
762 2458 867 2524 lubuit
903 2465 1079 2529 accuratius
1114 2466 1193 2532 illud
1225 2492 1302 2534 cou-

110 2583 206 2664 ferre3
243 2585 351 2649 insunt
386 2583 471 2648 enim
509 2580 665 2670 quaedam
689 2580 728 2644 ad
751 2581 1008 2671 orthographiam
1030 2585 1114 2651 illius
1139 2590 1207 2654 aeri
1230 2613 1305 2681 cog-

110 2703 301 2770 noscendam
333 2702 418 2769 haud
451 2703 495 2767 ita
526 2701 724 2791 spernenda,
756 2714 825 2765 tum
849 2701 888 2766 ad
911 2707 1202 2793 pronuntiationem
1224 2711 1303 2776 faci·

110 2837 170 2890 unt
200 2848 229 2890 r.
263 2829 305 2891 32
323 2822 574 2916 producserit,
607 2846 637 2888 r.
667 2826 707 2887 14
738 2821 883 2903 Ulixes,
910 2847 991 2913 quac
1015 2828 1114 2892 forma
1138 2830 1215 2896 item
1238 2832 1302 2898 fre·

108 2960 208 3036 quens
234 2947 268 3012 in
299 2944 424 3012 scholiis
456 2943 495 3008 ad
527 2942 584 3008 hos
614 2966 739 3022 versus,
773 2945 806 3008 in
831 2943 945 3032 quibus
970 2969 988 3011 e
1011 2950 1133 3039 saepius
1158 2954 1296 3018 occurrit

107 3090 170 3157 pro
194 3071 230 3146 i,
255 3078 316 3133 cet.

380 3272 676 3340 vnalnrus
723 3273 1039 3347 LECTIONIS

403 3418 439 3461 er
463 3395 538 3461 edit.
567 3393 605 3461 0.
634 3394 726 3461 Iahn.
756 3395 1006 3488 (Berotleol.)
1141 3479 1147 3492 .

586 3574 721 3642 Satura
745 3577 831 3644 XIV.

108 3759 163 3824 Vs.
204 3762 267 3824 327
294 3759 412 3849 inpleri
707 3760 851 3826 rneLrnr

291 3879 441 3970 panditur
707 3899 848 3958 Pauour,

200 4005 266 4068 328
293 3999 400 4066 Croesi
710 4019 850 4066 onnorsr

587 4178 722 4246 Satura
746 4181 815 4246 XV.

106 4364 163 4429 Vs.
202 4366 216 4428 1
244 4363 412 4450 Bithynice
708 4363 872 4430 nrrYrrcr.

198 4487 218 4549 2
243 4483 423 4549 crocodilon
705 4486 950 4552 concoanLoa

199 4612 219 4670 5
243 4605 413 4672 Memnone
436 4605 572 4671 chordae
709 4627 1004 4677 usuroracounrn

1017 4731 1051 4781 14
1063 4727 1076 4759 ‘⁵
