2946 5182
421 1121 480 1236 A.
520 1121 730 1238 PERSH
767 1120 996 1237 roboot

541 1373 632 1440 SAT.
659 1376 685 1440 Ι.
713 1378 882 1441 53-104.

187 1593 233 1659 m
259 1590 355 1660 ooo,
381 1591 575 1659 PALIMPS.
602 1590 742 1659 virro.
770 1592 826 1658 ru.
855 1597 963 1671 5750,
988 1616 1060 1681 pag.
1089 1595 1234 1658 ca-or.

628 1882 804 1904 ——w·“suwmw---

163 2102 251 2169 Inter
273 2104 396 2171 codices
421 2108 586 2197 rescriptos
610 2132 627 2173 c
651 2106 844 2177 bibliotheca
868 2107 902 2174 S.
931 2105 1121 2174 Columbani
1144 2107 1183 2172 dc
1206 2106 1304 2171 Bobio

116 2223 182 2288 duo
208 2238 349 2305 exstant,
374 2227 543 2316 inquibus
565 2225 813 2317 Conciliiprimi
836 2227 1099 2296 Chalcedonensis
1123 2229 1237 2317 scripta
1260 2240 1306 2292 cst

114 2345 247 2425 relatio,
281 2370 417 2435 quorum
441 2371 522 2413 unus
543 2349 575 2412 in
597 2348 795 2414 Bibliotheca
816 2348 1024 2414 Ambrosiam
1045 2361 1203 2427 servatur,
1229 2348 1306 2412 dum

116 2465 197 2531 alter
218 2467 352 2532 Romam
375 2469 522 2535 derectus
547 2470 580 2533 in
601 2469 798 2535 bibliotheca
812 2471 965 2535 Vaticana
985 2471 1041 2537 N0.
1065 2475 1154 2535 5750
1167 2471 1306 2559 signatus

116 2598 176 2652 cst.
227 2585 399 2679 Compositi
432 2604 505 2654 sunt
541 2590 587 2654 illi
625 2590 699 2654 libri
731 2614 748 2655 c
780 2590 861 2656 foliis
893 2590 1007 2656 ablutis
1040 2603 1112 2655 aute
1144 2590 1306 2656 saeculum

116 2706 297 2788 decimum,
330 2723 365 2775 ut
394 2711 438 2800 pii
465 2712 584 2777 scilicet
607 2712 659 2775 isti
681 2711 829 2776 monachi
853 2711 1014 2790 solebant,
1040 2712 1073 2777 in
1097 2734 1190 2776 suum
1214 2733 1306 2777 usum

116 2841 272 2895 vertentes
304 2831 506 2897 classicorum
536 2832 708 2896 volumina.
759 2830 898 2921 Angelus
927 2831 1027 2896 Maius
1051 2831 1084 2895 in
1107 2831 1211 2895 lucem
1236 2853 1305 2919 pro·

116 2950 210 3016 traxit
234 2975 252 3016 e
278 2950 419 3018 Concilio
439 2953 494 3018 illo
514 2954 681 3018 Frontonis
701 2966 732 3017 et
750 2953 849 3018 Marci
870 2952 991 3017 Aurelii
1009 2952 1183 3040 Epistolas,
1206 2950 1306 3016 Scho-

114 3070 240 3136 liastam
260 3073 293 3137 in
315 3071 519 3153 Ciceronem,
546 3074 734 3138 bobiensem
757 3096 853 3161 quem
866 3073 993 3152 dicunt,
1019 3071 1203 3159 Symmachi
1216 3073 1308 3162 Epis·

116 3191 216 3269 tolas,
240 3216 375 3281 quarum
395 3196 536 3259 omnium
560 3205 668 3283 postea
692 3191 773 3258 dabo
799 3193 993 3259 varietatem
1017 3194 1197 3272 lectionis,
1222 3217 1308 3259 nunc

116 3336 191 3377 vero
227 3338 327 3380 unum
362 3315 442 3380 illud
477 3316 608 3394 folium,
647 3315 731 3403 quod
767 3315 864 3380 Persii
888 3314 1010 3382 Satirae
1034 3316 1049 3381 l
1072 3339 1189 3404 paucos
1214 3340 1308 3404 quos-

117 3433 192 3499 dam
227 3459 352 3514 versus,
388 3440 567 3516 53—104‚
600 3436 745 3515 exhibet,
785 3450 831 3502 est
867 3435 982 3502 codicis
1015 3460 1088 3526 pag.
1123 3441 1166 3503 63
1199 3450 1229 3503 ct
1261 3461 1309 3502 se-

118 3577 239 3642 quens,
276 3556 435 3645 proferam
467 3559 643 3623 accuratius
676 3556 826 3622 collatum
858 3580 933 3622 cum
960 3558 1126 3621 norissima
1152 3555 1190 3623 0.
1217 3557 1309 3622 Iahni

118 3675 268 3742 editione.

91 3821 98 3837 ⁴
164 3796 261 3862 Persii
285 3797 403 3863 Satiras
427 3800 466 3863 ab
490 3800 601 3866 eodem
624 3800 752 3865 librario
773 3798 960 3864 crediderim
982 3810 1141 3877 exaratas,
1164 3823 1200 3864 er
1220 3800 1310 3864 cuius

117 3918 275 3985 Iuvenalis
310 3921 453 4009 exemplo
483 3943 582 3985 unum
614 3933 738 3986 tantum
769 3920 882 3984 folium
912 3919 996 3984 idem
1029 3920 1160 3984 servarit
1191 3920 1307 3998 codex,

117 4039 204 4128 quod
236 4040 337 4105 Maius
369 4056 514 4108 accurate
545 4042 643 4107 incidi
672 4042 806 4121 curarit;
838 4041 871 4104 in
903 4040 1100 4105 Praefatione
1137 4042 1225 4106 Tom.
1263 4041 1308 4106 lll

117 4159 283 4226 Classicor.
324 4160 454 4227 ductor.
499 4175 607 4228 exstat.
665 4162 827 4251 Scriptura
858 4173 904 4226 cst
936 4161 1088 4250 quadrata
1121 4163 1308 4252 perantiqua

116 4280 191 4347 solis
214 4283 395 4348 maiusculis
413 4283 593 4373 diligentius
614 4306 709 4371 quam
730 4281 925 4348 emendatius
947 4295 1088 4362 exarata,
1111 4307 1192 4371 quae
1212 4307 1308 4372 quar-

115 4418 187 4470 tum
219 4404 380 4469 saeculum
413 4403 472 4469 sibi
503 4404 662 4469 vindicare
691 4403 815 4470 ridetur
837 4415 966 4494 propter
989 4427 1138 4494 magnam
1161 4405 1307 4469 similitu·

115 4525 225 4591 dinem
257 4548 331 4590 cum
363 4525 494 4615 Virgilio
526 4526 667 4592 Mediceo
699 4525 822 4591 etiamsi
853 4524 948 4615 paulo
978 4526 1079 4589 maior
1110 4538 1141 4590 et
1164 4524 1309 4590 nonnihil

117 4645 269 4723 crassior3
302 4645 371 4711 vide
400 4646 480 4711 Fet
505 4646 533 4712 Y
558 4659 676 4713 ceteras
700 4670 847 4714 mensura
873 4658 1074 4734 superantcS,
1099 4647 1231 4712 formam
1258 4647 1306 4724 H,
