2946 5182
145 353 188 414 50
512 365 640 417 ‘cranao
664 369 706 414 on
732 369 773 415 nn
799 368 951 416 runrrcr.

144 543 304 632 gentiam,
344 540 401 627 qui
439 538 477 602 ad
506 551 624 604 certam
656 562 801 605 normam
833 541 1090 631 orthographiam
1119 542 1336 624 reducebant;

144 663 282 751 denique
310 659 434 724 laudari
457 659 568 746 nequit
592 661 625 723 in
648 673 809 748 posterum
834 661 933 727 hoece
947 665 1103 752 genuinae
1124 664 1245 729 scilicet
1266 664 1339 728 for-

143 807 214 850 mae
245 782 444 871 exemplum,
474 803 550 845 -nam
580 779 619 845 de
646 803 734 846 more
759 784 915 847 constanti
939 785 1091 874 scriptum
1115 796 1161 850 cst
1185 788 1336 871 cuique,

144 905 230 994 quod
255 927 318 994 quo
340 904 408 968 iuro
432 902 544 967 abierit
567 902 601 965 in
626 905 753 989 quique
777 925 862 968 nuuc
883 926 946 968 non
972 907 1084 972 attinet
1107 905 1313 994 investigare.

188 1145 275 1211 XVI.
303 1148 320 1230 §
346 1148 402 1208 26.
451 1143 529 1208 Nou
551 1151 632 1206 suut
656 1146 694 1206 iu
718 1143 933 1232 disputando
957 1145 1075 1230 uafri,
1102 1168 1168 1208 uou
1191 1155 1337 1210 aelera-

142 1276 256 1346 tores,
282 1288 348 1330 uon
372 1266 555 1328 malitiosi.
593 1261 722 1328 «Codex
747 1264 970 1343 disserendo,
996 1266 1105 1354 scripsi
1124 1277 1233 1335 tamen
1254 1266 1336 1332 dia-

133 1387 316 1479 potando,
352 1398 421 1451 tum
456 1386 531 1473 quia
559 1385 654 1474 paulo
685 1397 757 1450 anta
790 1398 836 1450 est
868 1386 1094 1464 dt‘saereuolO,
1125 1399 1194 1452 tum
1225 1388 1334 1454 multo

139 1509 239 1596 magis
264 1507 338 1594 quia
360 1505 500 1584 Nonius,
522 1505 578 1593 qui
597 1528 664 1572 roc.
691 1504 830 1590 vafrum
854 1506 930 1571 citat
950 1505 1037 1571 hune
1056 1507 1182 1586 locum,
1201 1507 1335 1597 legebat

141 1627 394 1719 disputando.»
441 1628 552 1692 Maius.
602 1625 717 1693 Oleum
741 1639 772 1691 et
799 1650 928 1716 opernm
947 1626 1086 1716 perdidit
1105 1627 1333 1695 Doderleinius

141 1751 263 1838 Synon.
292 1750 328 1815 Τ.
358 1749 414 1814 lv.
438 1773 469 1839 p.
496 1754 538 1814 20
560 1749 804 1814 demonstrando
829 1749 1042 1838 disputandi
1066 1749 1197 1814 verbum
1221 1752 1333 1816 sensui

138 1873 233 1939 huius
263 1872 326 1938 loci
355 1871 468 1937 melius
499 1872 680 1950 convenire,
711 1895 787 1935 narn
818 1870 916 1936 codex
938 1872 1145 1960 praepaucis
1167 1870 1229 1936 hoo
1251 1871 1333 1936 folio

138 1995 304 2086 perspicue
336 1992 507 2057 admodum
522 2036 526 2043 -
541 1991 668 2056 exhibet
697 1992 933 2082 disputando;
972 1992 1048 2080 quid
1079 1993 1181 2057 Maius
1207 1993 1331 2082 egerit,

140 2115 196 2180 ubi
226 2114 286 2178 sibi
316 2113 421 2201 legere
444 2112 610 2177 ridebatur
634 2113 858 2191 disserendo,
884 2113 1032 2201 equidem
1056 2114 1181 2192 nescio,
1208 2113 1264 2179 sed
1288 2115 1333 2179 li·

138 2237 233 2301 brum
266 2234 457 2299 Vaticanum
489 2256 563 2300 omn
596 2233 763 2322 Augustini
793 2234 929 2300 lectione
962 2236 1142 2323 conspirare
1168 2258 1226 2325 pro
1258 2259 1334 2302 oer-

139 2359 259 2425 tissimo
283 2356 423 2436 deelar03
453 2367 486 2421 at
508 2355 653 2422 secundis
676 2358 759 2421 curis
778 2357 874 2422 istum
897 2381 1036 2424 errorem
1060 2360 1124 2423 iam
1147 2369 1333 2424 correctum

139 2505 205 2547 csse
228 2478 405 2570 oportebat.

184 2720 316 2788 XXXV.
343 2722 360 2804 ᾗ
388 2723 441 2785 47.
493 2719 610 2806 Quare
638 2723 790 2808 cogitato
815 2718 996 2783 Romulum
1025 2728 1089 2783 aut
1111 2718 1332 2809 Pompilium

138 2852 202 2908 aut
236 2843 373 2907 Tullum
404 2863 538 2928 regem,
558 2840 690 2925 fortan
714 2863 781 2902 uon
806 2847 876 2901 tam
901 2840 1003 2902 illius
1028 2843 1140 2903 terei
1159 2840 1334 2929 publicae

132 2963 337 3055 poenitebit.
387 2960 467 3024 «ita
495 2959 591 3024 codex
616 2960 781 3049 perspicue
801 2959 951 3046 fortan,
987 2973 1033 3024 est
1059 2974 1165 3025 autem
1189 2961 1331 3026 vocabu-

138 3085 205 3148 lum
230 3082 359 3146 omnino
384 3079 567 3144 Tullianum
590 3093 621 3145 et
644 3081 677 3143 in
700 3079 800 3144 lexica
824 3079 1060 3144 referendum.»
1107 3082 1221 3147 Maius.
1266 3080 1332 3147 Do·

139 3204 208 3281 leo,
243 3203 327 3290 quod
364 3201 542 3266 Foroellino
567 3202 734 3266 inseruerit
757 3201 836 3265 illud
861 3201 1083 3280 Furianettus‚
1110 3226 1184 3267 nam
1209 3203 1331 3269 audae-

139 3337 188 3389 ter
215 3321 428 3387 abiiciendum
452 3334 497 3385 est
520 3345 571 3386 me
595 3321 710 3386 iudice.
750 3321 869 3410 Lapsus
894 3336 940 3388 est
964 3324 1160 3389 acutissimus
1178 3323 1332 3389 codicum

139 3447 259 3523 lector,
284 3443 369 3532 quod
393 3443 478 3507 enim
498 3443 600 3532 primo
626 3443 777 3532 seriptum
798 3454 865 3507 erat
877 3444 1000 3531 forta,
1022 3444 1148 3509 volebat
1159 3447 1333 3531 fortasse

140 3569 271 3658 opinor,
308 3565 413 3630 statim
446 3575 622 3629 correctum
654 3586 719 3628 esse
751 3575 881 3651 apparet
915 3564 948 3628 iu
972 3565 1090 3650 forte,
1127 3563 1180 3629 sed
1212 3565 1257 3629 ita
1292 3579 1331 3633 ut

140 3710 160 3755 u
181 3688 271 3754 alteri
294 3688 437 3753 crassiori
455 3687 579 3751 litterae
600 3685 764 3750 alineolae
777 3684 962 3763 adhaereat,
988 3685 1073 3773 quod
1085 3707 1331 3774 monogramma

139 3837 167 3881 m
197 3836 254 3905 pro
288 3818 326 3875 a*
358 3809 479 3898 accepit
510 3808 622 3875 Maius.
674 3808 760 3892 Quae
791 3830 890 3895 quum
913 3806 957 3871 ita
976 3807 1057 3885 sint,
1086 3807 1201 3870 iniuria
1224 3806 1331 3874 lexica

139 3937 202 4001 hoo
230 3929 383 3999 vocabulo
410 3928 509 3993 ditata
532 3951 597 3994 esse
621 3927 787 4016 gloriatum
815 3950 873 3993 nec
894 3951 971 4017 opus
996 3940 1061 4007 est,
1095 3940 1130 3992 ut
1157 3950 1232 3993 cum
1257 3930 1330 3996 aliis

140 4053 312 4123 editoribus
343 4051 538 4119 decertamus
566 4049 605 4115 de
628 4049 730 4115 forma
745 4049 895 4136 fortean
911 4099 919 4128 ,
936 4050 1101 4137 forsitan
1125 4061 1179 4114 aut
1192 4049 1331 4136 fortan

140 4171 352 4245 rescribenda.
