2946 5182
154 351 195 410 46
477 391 479 397 .
528 362 648 410 crcrno
672 361 715 407 nr
740 359 781 405 nr
808 360 961 409 roncrcs.

153 534 250 600 videri
280 533 410 599 fortasse
434 532 571 600 secunda
593 554 692 597 manu
714 533 834 598 factum
862 533 1005 611 Tullus,
1029 529 1061 597 id
1085 552 1171 596 nunc
1194 529 1342 618 inspecto

151 678 257 720 rursus
292 654 400 720 codice
432 655 480 719 vir
515 666 645 744 apparet
673 666 728 720 aut
751 677 792 721 ne
822 655 870 719 vir
895 652 1062 743 quidem.»
1109 651 1224 730 Maius3
1253 672 1342 738 quuc

151 798 251 865 quum
279 774 446 853 scriberet,
477 774 652 863 Go'ttlingio
675 773 763 839 hunc
785 774 893 840 locum
917 774 1061 862 inspectu
1086 771 1252 861 praebuit,
1281 771 1341 859 qui

151 896 258 985 (Rom.
297 894 478 961 Stantsrerf.
508 918 540 983 p.
576 893 654 982 501)
687 894 813 960 nullum
844 893 1071 960 emendationis
1102 893 1268 981 vestigium
1306 914 1339 956 se

148 1016 259 1082 vidisse
294 1028 424 1082 testatus
455 1027 512 1082 est.
563 1013 604 1079 At
638 1037 695 1104 ego
724 1015 914 1082 fortunatior
936 1015 1000 1093 lui,
1026 1036 1100 1079 nam
1122 1011 1338 1103 splendidiore

147 1138 236 1204 coelo
268 1139 414 1216 iurante,
444 1137 575 1225 opinor,
601 1158 730 1202 cernere
753 1135 843 1201 licuit
867 1145 881 1199 t
903 1136 1001 1225 priori
1024 1133 1267 1224 suprascriptam
1294 1157 1337 1212 s,

145 1272 264 1350 puncta
287 1258 399 1324 litteris
416 1281 446 1347 p
468 1269 500 1323 ct
524 1256 614 1321 alteri
636 1260 650 1320 i
674 1255 800 1335 additu,
826 1279 950 1322 necnon
970 1255 1160 1323 lineolarum
1180 1254 1336 1342 vestigia,

147 1380 261 1469 quihus
284 1379 465 1445 delerentur
489 1401 526 1456 s,
544 1400 574 1467 p
597 1389 629 1444 et
652 1401 687 1456 c,
713 1377 756 1442 ita
781 1389 817 1443 ut
840 1375 1022 1467 Sulpicius
1045 1386 1223 1443 correctum
1237 1374 1288 1441 'sit
1300 1376 1337 1445 in

148 1500 284 1566 Tutius.
334 1500 398 1565 Fac
427 1511 534 1564 tamen
565 1497 645 1563 mihi
677 1498 773 1564 risam
796 1521 862 1565 esse
885 1511 1009 1565 tuntum
1032 1497 1116 1564 hanc
1139 1494 1336 1563 emundatio·

144 1644 238 1699 nem,
262 1643 324 1685 non
350 1632 417 1687 erat
440 1619 573 1708 opinor,
598 1641 656 1684 cur
679 1618 757 1687 fides
776 1618 949 1686 haberetur
966 1619 1095 1685 librario
1114 1617 1230 1708 passim
1250 1617 1336 1683 osci-

143 1744 224 1808 tanti
258 1754 289 1808 et
324 1741 385 1807 hoc
420 1741 489 1807 loco
523 1739 647 1807 fallenti
678 1754 807 1831 propter
839 1740 953 1806 folium
988 1738 1073 1828 quod
1109 1749 1263 1816 verteret,
1296 1750 1336 1805 ut

144 1863 271 1930 Servius
300 1863 422 1928 Tullius
453 1862 546 1927 tertio
581 1862 731 1939 nomine,
762 1860 941 1950 Sulpicium
971 1861 1063 1940 dico,
1088 1859 1253 1950 gauderet3
1276 1859 1335 1935 ,vel

143 1985 245 2050 Maius
273 1984 328 2073 qui
351 1983 549 2072 investigarit
572 2005 651 2047 num
678 1984 748 2071 quis
772 1995 860 2049 retus
884 1994 994 2048 unctor
1018 1980 1197 2071 Sulpicium
1216 1979 1336 2048 dixerit

143 2103 306 2178 Serrium,
339 2116 409 2193 post
438 2127 555 2169 vanum
579 2102 741 2183 lahorem,
766 2117 802 2170 ut
824 2104 891 2193 ipse
914 2115 1067 2181 testatur,
1091 2101 1218 2167 nonnisi
1240 2123 1334 2167 com-

140 2236 351 2293 mentatorem
387 2224 426 2290 ad
463 2225 676 2314 Augustinum
712 2248 748 2290 er
783 2225 943 2314 incognito
975 2235 1104 2289 auctore
1135 2221 1221 2290 idem
1248 2221 1334 2289 illud

141 2345 318 2412 tradentem
343 2346 446 2426 affert3
473 2359 505 2412 ct
528 2359 635 2412 tamen
658 2345 802 2412 doctrina
826 2345 941 2412 abusus
965 2345 1107 2434 longiore
1127 2343 1336 2411 adnotatione

141 2490 208 2533 rem
232 2488 431 2555 concoquere
455 2478 586 2532 conatus
609 2479 675 2545 est,
705 2468 969 2558 sapientissimum
989 2465 1198 2556 Borghesium
1218 2465 1335 2530 absur-

140 2587 199 2654 dae
223 2586 453 2654 controrersiue
475 2586 612 2653 iudicem
637 2589 797 2655 invocans.
848 2588 974 2653 Bonum
992 2587 1112 2652 factum
1128 2585 1213 2675 quod
1229 2585 1332 2653 libra-

140 2709 186 2772 rio
218 2732 274 2774 sua
306 2707 478 2774 reddiderit
509 2708 606 2774 altera
637 2731 770 2787 manus,
799 2731 874 2773 num
897 2721 981 2774 recte
1005 2709 1134 2774 omnino
1157 2708 1209 2773 isti
1233 2707 1333 2774 Gutt-
1368 2680 1371 2685 .

139 2829 256 2919 lingius
287 2843 318 2895 et
347 2830 409 2895 hoc
440 2830 552 2894 sitium
584 2830 716 2908 tribuit,
749 2842 780 2895 et
810 2852 929 2896 errores
961 2831 995 2894 in
1017 2830 1088 2894 loco
1112 2829 1332 2896 centuriarum

140 2951 389 3016 enumerationis
413 2950 541 3028 obvios,
566 2949 622 3015 uhi
645 2951 778 3041 repetitu
801 2950 896 3016 lectio
920 2950 966 3015 nil
988 2953 1062 3016 nori
1085 2951 1186 3017 affert.

184 3191 290 3257 XXII.
327 3193 344 3274 ὃ
384 3195 437 3257 40.
484 3191 580 3271 Eos,
618 3197 680 3280 qui
710 3202 774 3259 aut
795 3216 862 3257 uou
879 3193 966 3282 plus
989 3193 1085 3257 mille
1102 3195 1330 3280 quingentum

140 3316 258 3390 ueris,
287 3319 350 3375 uut
379 3316 515 3377 omuino
545 3314 641 3377 uidit
669 3316 707 3376 iu
738 3336 836 3377 suum
871 3336 1008 3378 cettsum
1035 3322 1186 3403 praeter
1220 3322 1330 3400 caput

139 3434 370 3510 attulissent,
400 3435 621 3520 proletarios
653 3436 858 3500 nominauit.
906 3432 1008 3499 Codex
1030 3433 1132 3523 primu
1150 3456 1250 3501 manu
1268 3433 1329 3499 ha-

139 3555 194 3624 bet
218 3563 353 3620 scutum
377 3555 429 3621 cui
453 3575 475 3620 u
499 3554 700 3644 superaddita
723 3579 789 3621 esse
812 3554 936 3621 ridetur
959 3555 1060 3634 Maio,
1084 3554 1116 3620 id
1140 3555 1329 3623 estfactum

138 3679 374 3765 quingentum.
423 3676 537 3743 Fateor
570 3699 610 3743 ne
634 3676 827 3742 levissimum
850 3676 979 3766 quidem
1002 3677 1090 3741 istius
1114 3696 1137 3742 n
1160 3675 1329 3764 vestigium

138 3819 190 3863 me
222 3795 325 3865 ridere
356 3798 509 3885 potuisse;
535 3820 600 3865 non
622 3798 745 3888 integra
768 3798 862 3863 huius
884 3798 1018 3887 paginae
1041 3796 1195 3886 scriptura
1218 3798 1252 3862 in
1274 3798 1328 3866 lu-

139 3939 208 3983 cem
240 3916 353 3995 rediit,
390 3941 500 3985 rerum
536 3918 592 3985 uhi
627 3920 756 3985 omnino
791 3918 872 3984 nihil
906 3930 1035 4009 apparet
1067 3917 1151 3983 illius
1181 3917 1327 3999 litterae,

140 4036 283 4103 nondum
307 4061 344 4104 ex
368 4041 469 4117 1,100
492 4041 571 4107 aeris
594 4041 698 4108 facore
721 4041 796 4107 licet
821 4043 941 4119 1‚500‚
965 4040 1088 4106 etiamsi
1109 4037 1228 4105 Gellius
1239 4038 1329 4107 hunc

138 4181 308 4224 numerum
343 4158 452 4239 tradit;
488 4160 531 4225 sic
567 4160 748 4226 Huschhius
778 4162 811 4226 in
843 4161 1059 4227 centuriarum
1088 4161 1209 4227 ratione
1240 4160 1329 4227 haud

138 4281 182 4346 ita
219 4280 351 4369 hospes,
392 4282 491 4359 1,100
527 4283 662 4348 retinere
697 4283 829 4362 maluit,
867 4283 922 4371 qui
956 4304 1106 4348 numerus
1137 4305 1199 4371 quo
1230 4281 1327 4347 modo

139 4401 270 4468 Liriano
296 4403 422 4480 11,000
446 4402 650 4493 respondeat,
674 4402 800 4471 videant
822 4402 996 4493 peritiores.

184 4643 306 4713 XXIII.
333 4647 350 4730 §
377 4647 431 4714 43.
480 4645 616 4713 Desunt
644 4650 779 4712 omniuo
809 4650 842 4711 ei
862 4646 991 4733 populo
1015 4645 1145 4724 multu,
1179 4649 1241 4734 qui
1263 4647 1325 4710 sub
