2946 5182
153 352 194 413 30
531 363 648 410 cronno
672 360 716 406 ou
741 360 781 408 nr
806 362 958 410 ruarrcr.

150 533 204 602 scd
223 532 422 600 Benedictini
441 532 569 598 initium
587 532 664 597 sexti
682 529 799 597 saeculi
816 530 995 596 tribuerunt
1011 529 1075 609 illi,
1098 530 1182 619 quod
1198 531 1339 597 nimium

148 655 228 722 mibi
263 678 329 721 esse
362 653 499 734 ridetur;
536 652 672 718 sufficiat
700 651 796 717 verbo
827 651 1004 717 nominasse
1034 650 1210 717 Bibliorum
1240 652 1334 718 11551.

148 776 246 842 Paris.
273 775 314 841 N.
341 775 380 840 11.
409 774 505 853 lbis,
530 771 607 840 silv.
631 772 697 839 tab.
724 777 787 851 57,
811 772 962 838 maiorem
986 772 1172 862 scripturam
1195 772 1336 862 diligen·

128 905 198 964 'ter
221 889 332 963 eodem
354 918 429 962 aero
453 894 614 985 depictam
638 893 691 960 sed
714 878 778 972 ria,
803 904 839 958 ut
862 891 991 981 rigidior
1014 907 1177 982 appareat;
1204 893 1341 960 Livium

147 1018 323 1084 Parisinum
356 1018 411 1085 N⁰.
445 1019 552 1093 5730,
583 1013 660 1081 Silr.
687 1014 753 1079 tab.
781 1017 843 1092 59,
869 1037 966 1102 quern
987 1013 1055 1080 sine
1077 1014 1174 1081 dubio
1198 1016 1339 1105 septimo

146 1138 285 1218 tribuas,
317 1161 377 1205 nec
407 1138 441 1202 in
471 1158 606 1224 sequens
634 1156 837 1224 promoveas,
868 1133 908 1200 dc
937 1156 1000 1224 quo
1028 1136 1187 1224 cogitabat
1211 1133 1334 1202 (115515-

144 1260 284 1351 pollion,
310 1257 446 1324 initiales
469 1257 555 1322 enim
578 1267 664 1323 extra
687 1254 805 1320 lineam
827 1253 970 1320 nondum
993 1254 1095 1322 factae
1118 1267 1192 1321 sunt
1210 1255 1334 1322 maius·
1376 1224 1384 1237 ι

145 1381 249 1461 55155;
287 1378 426 1467 denique
460 1377 486 1442 si
520 1377 583 1441 iam
618 1375 708 1441 lubet
738 1398 867 1442 cernere
891 1398 955 1464 quo
978 1376 1073 1442 modo
1096 1377 1264 1466 septimum
1289 1375 1332 1440 ab

144 1513 254 1566 octaro
282 1499 468 1588 dignoscas,
500 1497 607 1564 crolre
638 1495 852 1587 pulcherrima
876 1496 980 1562 Biblia
1003 1497 1164 1563 dmiatina
1185 1497 1219 1562 in
1243 1496 1332 1563 Lau·

143 1622 287 1688 rentiana
310 1618 503 1686 bibliotheca
527 1618 604 1685 silv.
626 1617 694 1684 tab.
720 1621 807 1697 235,
828 1617 944 1707 quibus
962 1617 1062 1697 illud,
1081 1630 1113 1684 et
1132 1617 1248 1707 quibus
1267 1617 1330 1685 boc

143 1763 255 1808 aerum
264 1740 426 1819 tribuitur,
441 1740 595 1806 Vaticana
607 1739 638 1807 N
639 1741 664 1806 θ.
680 1742 768 1806 3836
778 1789 790 1818 ,-
801 1737 879 1806 Silv.
894 1737 987 1818 ibid.,
1001 1760 1125 1805 necnon
1138 1737 1329 1828 Gregorium

143 1862 316 1929 Turensem
345 1860 443 1927 Paris.
471 1860 561 1927 Eccl.
586 1858 628 1926 N.
654 1860 693 1926 11.
721 1859 861 1939 rathis,
886 1858 964 1925 Silr.
990 1857 1055 1924 tab.
1081 1863 1143 1936 41,
1168 1871 1200 1924 51
1222 1858 1329 1926 Β555-

140 1982 267 2049 dictinis
290 1982 484 2059 assentieris,
508 1981 632 2071 opinor,
658 1980 854 2046 Breviarium
866 1979 1048 2049 'Alaricense
1059 1982 1093 2046 in
1103 1979 1183 2045 bibl.
1198 1980 1327 2046 Monac.

28 2149 31 2155 -
142 2101 255 2170 (limel.
288 2102 333 2169 II.
369 2106 400 2168 4.
434 2100 481 2180 A,
508 2100 588 2168 Silr.
613 2101 680 2167 tab.
708 2102 791 2180 126,
816 2114 925 2168 octaro
949 2101 1075 2168 saeculo
1098 2101 1329 2191 assignantibus

140 2237 250 2290 contra
273 2235 416 2302 sextum,
441 2222 528 2312 quod
551 2223 605 2288 alii
628 2222 816 2289 defendunt.

150 2398 152 2402 .
186 2341 311 2421 (lateri,
345 2366 423 2431 quos
454 2341 525 2409 ride
554 2342 639 2434 apud
668 2342 849 2410 silvestrem
880 2344 945 2409 tab.
974 2346 1058 2422 152,
1085 2342 1329 2435 1515551553-

138 2476 247 2532 menta
267 2463 469 2554 palimpsesta
482 2463 587 2531 Vatic.
609 2462 667 2531 N⁰.
695 2468 802 2543 5750,
823 2487 948 2531 necnon
966 2464 1076 2532 Sancti
1094 2464 1201 2531 Patres
1221 2465 1334 2534 Vatia..

140 2585 196 2653 N⁰.
230 2589 318 2652 3835
351 2585 477 2675 septimi
504 2585 621 2651 saeculi
651 2598 743 2665 sunt,
775 2587 872 2676 paulo
902 2587 1059 2653 recentior
1088 2599 1135 2652 est
1158 2586 1329 2676 Gregorius

139 2707 180 2773 ad
199 2706 257 2774 Iob
269 2707 395 2773 Monac.
417 2707 450 2772 in
470 2706 549 2773 bibl.
573 2704 685 2773 (limel.
704 2707 749 2772 11.
775 2709 807 2773 5.
832 2704 872 2784 Α,
897 2705 972 2772 Silr.
997 2706 1064 2774 tab.
1081 2709 1164 2786 182,
1188 2705 1328 2797 denique

138 2829 211 2895 Vita
240 2829 274 2896 S.
308 2828 556 2918 Wandrigisilae
585 2828 684 2894 Paris.
718 2827 807 2893 11551.
839 2827 878 2893 N.
913 2827 952 2893 11.
986 2829 1129 2908 101bis,
1154 2828 1337 2895 8115151).Ἱ

139 2953 182 3014 79
202 2973 240 3014 er
259 2961 384 3030 octaro;
407 2949 524 3026 ceteri,
548 2949 701 3036 inquam,
726 2947 765 3012 ad
788 2971 890 3013 unum
914 2972 1023 3014 omnes
1048 2949 1328 3016 ccrtodiscrimiue

138 3094 171 3137 se
193 3071 333 3160 produnt
356 3083 462 3135 nostro
488 3068 635 3135 Tulliano
659 3092 725 3136 esse
748 3071 949 3137 recentiores.
999 3071 1066 3137 Nec
1090 3071 1129 3138 (15
1154 3072 1221 3136 aliis
1247 3070 1327 3136 Tul-

138 3192 229 3257 lianis
251 3191 481 3282 palimpsestis,
507 3189 610 3279 deque
635 3191 794 3258 Frontone
818 3215 878 3258 nec
901 3191 940 3258 de
964 3191 1098 3259 Scholiis
1118 3192 1334 3258 Bobiensibus.

137 3335 226 3379 nunc
256 3313 362 3380 dicere
391 3323 503 3390 vacat,
534 3312 568 3376 in
600 3332 692 3376 suum
723 3311 829 3378 locum
851 3312 892 3379 de
915 3313 977 3378 illis
999 3314 1142 3379 examine
1165 3313 1325 3402 relegato,

139 3447 176 3501 ut
207 3435 252 3500 sic
277 3434 408 3500 demum
435 3431 511 3497 huic
538 3430 744 3522 disputationi
774 3433 847 3497 finis
877 3433 1077 3522 imponatur,
1102 3455 1176 3498 nam
1200 3445 1325 3514 cetera,

140 3579 221 3647 quae
252 3555 409 3622 accedunt
438 3566 644 3644 argumenta,
667 3553 802 3619 formam
825 3566 857 3620 et
879 3567 1026 3620 naturam
1048 3555 1326 3635 membranarum,

138 3701 319 3744 mensuram
342 3676 500 3742 linearum
510 3674 820 3763 laterculorumque,
845 3677 1090 3764 quaternionum
1109 3676 1325 3756 notationem,

139 3799 327 3889 scripturam
360 3798 564 3876 continuam,
597 3796 733 3863 initiales
770 3796 881 3863 itidem
913 3797 1053 3863 unciales
1084 3795 1221 3862 necdum
1256 3820 1327 3861 ma-

139 3919 276 3985 iusculas
294 3930 381 3984 extra
402 3918 520 3984 lineam
539 3919 688 4008 scriptas,
710 3918 818 3984 titulos
837 3919 952 4008 partim
976 3919 1072 3983 rubro
1096 3930 1254 3996 exaratos,
1275 3919 1327 3984 lit·

139 4051 241 4106 teram
272 4058 292 4104 r
320 4050 442 4128 puncto
470 4061 535 4104 non
568 4038 787 4130 superaddito,
816 4039 967 4106 lineolam
991 4061 1053 4128 qua
1085 4061 1117 4102 m
1140 4051 1172 4105 et
1195 4063 1217 4105 u
1241 4039 1326 4104 indi-

140 4172 273 4240 cantur,
301 4159 424 4226 litterae
448 4160 493 4225 sic
517 4161 777 4251 suprascriptam,
802 4173 838 4226 ut
862 4161 900 4226 ad
924 4159 1065 4227 dextram
1087 4160 1214 4238 flectat,
1237 4183 1326 4227 com-

138 4280 255 4372 pendia
276 4281 402 4371 punctis
429 4292 557 4361 notata,
582 4281 701 4348 litteras
725 4293 901 4348 contractas
923 4281 957 4345 in
980 4303 1238 4370 monogramma,
1264 4282 1326 4348 alia

140 4425 223 4492 quae
253 4415 326 4468 sunt
356 4401 451 4468 buius
482 4404 621 4493 generis,
652 4416 738 4471 recte
760 4403 889 4470 omnino
912 4401 987 4468 licet
1010 4402 1147 4492 quaein
1170 4401 1326 4470 iudicium

140 4547 251 4604 rocos,
278 4547 366 4590 uunc
395 4548 460 4590 non
492 4548 681 4614 recoquam,
706 4548 781 4591 nam
804 4525 930 4591 nullum
951 4547 987 4590 er
1012 4525 1076 4590 istis
1100 4546 1190 4590 meae
1213 4523 1326 4592 adrer-

141 4659 226 4712 satur
260 4645 423 4735 opinioni,
460 4646 577 4713 cadunt
609 4647 694 4714 enim
729 4648 836 4713 omnia
867 4647 900 4711 in
932 4644 1019 4711 hunc
1050 4642 1190 4710 codicem
1222 4667 1259 4710 ac
1290 4647 1324 4710 in
