2946 5182
395 387 412 415 s
465 389 530 436 m.
558 370 584 435 1.
613 372 630 454 s
658 376 695 448 s,
723 377 759 449 r,
786 379 823 451 5,
849 377 888 452 a,
916 377 968 441 ιο.
1264 379 1308 441 as

164 558 248 627 lbid.
298 556 506 650 Principum
542 560 684 640 coedes,
720 562 778 627 cel
806 583 923 628 eoram
953 563 1138 628 multorum
1162 571 1305 654 pastea,

116 703 209 770 qaue
230 680 358 770 paullo
384 688 471 770 post
504 690 644 747 securae
674 690 768 748 sunt.
817 683 983 773 Proposuit
1014 681 1159 750 Osannus
1184 707 1247 774 pr.
1277 708 1305 751 c.

30 827 32 830 ·
116 802 284 866 bellorum
315 801 500 866 maltorum
530 811 671 892 pestes,
707 815 833 893 praeter
863 804 924 869 alia
954 802 1015 869 hoo
1047 827 1175 895 quoque
1211 827 1307 895 argu·

117 933 226 988 mento
250 922 362 1001 allato,
383 934 492 1012 patere
512 923 686 1013 unicuique
711 922 826 990 codicis
849 925 1031 1014 exemplum
1050 948 1067 988 a
1088 924 1172 993 Maio
1184 925 1306 992 exhibi-

116 1055 188 1109 tum
210 1044 348 1110 intuenti
370 1065 428 1133 pro
453 1061 471 1108 1.
494 1043 589 1110 facile
612 1063 632 1109 n
656 1043 751 1110 scribi
773 1043 824 1110 vel
844 1044 908 1134 legi
925 1045 1076 1133 potuisse.
1124 1044 1306 1113 Vehemen-

115 1176 167 1231 ter
196 1186 297 1254 nego,
329 1185 405 1229 nam
434 1186 541 1230 versus
569 1169 589 1230 4
612 1159 736 1230 Codicis
758 1164 827 1230 folii
850 1167 890 1230 61
919 1178 973 1230 aut
996 1187 1102 1232 versus
1128 1168 1142 1231 l
1169 1166 1238 1232 folii
1262 1169 1302 1232 51
1349 1239 1351 1241 .

113 1285 268 1352 evincunt
302 1285 368 1350 fere
403 1283 488 1351 idem
523 1307 590 1351 esse
624 1283 793 1351 discrimen
823 1286 857 1350 in
888 1297 975 1351 recta
1006 1297 1038 1352 et
1067 1285 1209 1375 longiore
1236 1285 1305 1351 let

116 1404 253 1472 rotunda
284 1430 319 1485 s,
352 1403 438 1494 quod
469 1406 503 1470 in
525 1404 576 1471 his
597 1406 672 1496 ipsis
695 1407 795 1495 typis,
824 1405 939 1494 quibus
962 1428 1019 1471 nos
1042 1407 1181 1485 utimur,
1205 1407 1305 1472 inter·

115 1526 222 1608 cedat;
256 1537 367 1592 contra
398 1548 486 1591 error
517 1538 563 1592 est
592 1526 761 1616 proclivior
791 1527 825 1590 in
856 1527 1105 1592 maiuscularum
1128 1528 1302 1617 scriptura,

115 1645 187 1714 vide
216 1645 418 1712 luculentum
450 1646 631 1736 exemplum
661 1647 695 1711 in
724 1646 855 1713 Lucano
885 1646 1029 1712 Palatino
1061 1647 1117 1713 N⁰.
1144 1651 1202 1728 24;
1229 1670 1304 1713 nam

114 1767 167 1834 vel
189 1768 223 1832 in
245 1768 359 1834 ceteris
383 1767 561 1833 uncialibus
583 1767 708 1858 longior
727 1768 829 1832 forma
852 1768 976 1834 litterae
999 1769 1011 1832 l
1034 1769 1170 1837 retinere
1192 1769 1304 1836 debuit

112 1889 299 1968 librarium,
337 1911 398 1955 nec
436 1888 524 1954 alind
561 1890 595 1955 in
635 1889 758 1956 rusticis
797 1912 872 1955 usus
914 1890 1035 1970 voluit,
1075 1890 1145 1956 vide
1179 1888 1303 1957 codicis

112 2011 214 2077 nostri
231 2009 362 2076 titulum
385 2010 419 2075 in
442 2009 553 2076 eadem
576 2009 705 2089 tabula,
731 2023 861 2100 excepto
884 2010 1014 2077 fortasse
1038 2009 1188 2078 Sallustio
1212 2011 1302 2078 Vati·

112 2155 211 2211 ωηο,
244 2131 312 2197 ubi·
328 2144 438 2197 eontra
470 2131 607 2197 elatior
636 2144 694 2198 est.
745 2132 832 2217 Quae
862 2153 963 2220 quum
993 2133 1037 2197 ita
1068 2134 1149 2212 sint,
1183 2131 1304 2200 0sanni

111 2255 295 2320 coniectura
329 2252 453 2320 etiamsi
486 2253 649 2342 ingeniosa
679 2275 745 2317 non
776 2251 960 2343 accipienda
990 2253 1129 2335 videtum
1155 2254 1299 2336 accedit,

112 2373 200 2464 quod
234 2373 357 2440 Tullius
395 2385 537 2441 versatur
568 2374 602 2438 in
638 2373 815 2464 colligendo
850 2376 1005 2439 virorum
1040 2375 1234 2443 calamitates
1269 2389 1302 2444 et

110 2495 311 2562 iniuriasiis
347 2494 387 2560 ab
421 2494 552 2584 ingratis
586 2494 720 2559 civibus
751 2493 912 2584 impositas
935 2517 1000 2559 non
1023 2517 1096 2560 vero
1120 2507 1301 2586 temporum

110 2617 309 2686 bellorumve
337 2616 496 2696 miserias,
530 2615 678 2681 convenit
700 2637 776 2705 ergo
800 2637 976 2705 pronomen
1000 2637 1115 2680 eorum
1139 2639 1212 2683 cum
1235 2617 1301 2683 Ro·

109 2761 281 2806 manorum
310 2737 480 2827 exemplis,
506 2759 588 2826 quae
610 2735 826 2826 praecedunt,
850 2757 915 2800 non
939 2735 982 2799 ita
1006 2735 1183 2802 bellorum.
1232 2735 1300 2804 Nee

109 2861 192 2928 milri
217 2880 402 2950 persuasum
428 2871 475 2925 est
499 2858 641 2925 Tullium
663 2857 702 2924 de
725 2857 814 2923 brevi
836 2857 936 2947 spatio
960 2879 979 2921 a
1002 2856 1150 2923 Marianis
1175 2871 1300 2949 tempo·

109 2979 219 3059 ribus,
243 2980 308 3046 imo
327 3003 345 3044 a
362 2980 544 3070 principum
564 2977 660 3045 caede
677 2991 747 3069 post
768 2978 861 3044 Marii
880 2977 1017 3044 reditum
1036 2978 1178 3044 insecuta
1199 3001 1300 3070 usque

110 3101 153 3167 ad
175 3123 268 3166 suum
287 3099 432 3169 exsilium
451 3099 636 3190 loquentem
657 3099 821 3164 bellorum
840 3099 1155 3190 multorampestes
1167 3099 1298 3182 dixisse,

110 3246 188 3290 nam
205 3222 289 3288 bella
311 3221 418 3286 civilia
441 3221 548 3286 omnia
571 3221 655 3286 inter
677 3243 709 3286 se
733 3241 891 3299 connexa,
917 3241 999 3308 quac
1022 3220 1082 3286 sibi
1105 3220 1173 3286 vult
1198 3219 1300 3288 Osan-

109 3367 192 3423 nus,
216 3364 282 3408 non
305 3339 424 3407 cadunt
446 3341 480 3406 in
503 3340 565 3407 hoe
587 3353 724 3431 tempus.

159 3585 217 3651 vl.
243 3586 262 3670 §
291 3587 343 3651 10.
391 3583 522 3652 Consul
535 3582 721 3672 scissem?
761 3581 892 3650 Consul
907 3592 1033 3650 cutem.
1074 3586 1161 3671 Quae
1185 3587 1300 3653 omise-

110 3719 163 3774 rat
200 3709 231 3772 1.
267 3729 379 3772 manus
405 3706 561 3795 finissem
596 3707 719 3772 consul
731 3754 739 3784 ‚
776 3705 823 3770 bis
855 3705 999 3795 suppleta
1029 3704 1199 3795 leguntur,
1224 3731 1300 3776 nam

109 3839 281 3920 postquam
313 3826 452 3916 syllabae
487 3850 549 3910 corz
579 3825 818 3917 superadditum
853 3837 921 3892 erat
954 3825 1077 3890 consul
1097 3824 1298 3919 fuisse(m)‚

110 3951 266 4016 insertum
296 3963 342 4015 est
369 3950 514 4040 sequenti
539 3951 640 4016 versui
664 3951 723 4014 sul
737 3949 893 4036 fuissem
917 3970 991 4013 con.
1026 3947 1202 4015 'Habemus
1226 3975 1301 4043 ergo

112 4071 248 4162 duplicis
270 4072 473 4159 correctionis
497 4071 695 4162 exemplum,
721 4093 759 4136 ex
782 4093 820 4136 eo
842 4081 954 4134 natum
974 4070 1106 4158 opinor,
1132 4072 1300 4160 quodiam

113 4193 191 4260 olim
221 4193 342 4283 primae
371 4215 485 4259 manns
507 4193 660 4259 eorrectio
683 4190 813 4257 evanida
837 4190 920 4256 faeta
944 4201 998 4256 aut
1022 4213 1109 4257 erasa
1131 4215 1218 4259 nune
1242 4219 1302 4285 per

113 4315 274 4404 reagentia
309 4313 454 4402 chymioa
489 4313 583 4380 simul
618 4335 692 4378 cum
727 4312 824 4377 altera
859 4311 892 4376 in
926 4310 1032 4375 lucem
1068 4327 1212 4379 revocato
1247 4318 1297 4385 sit.

116 4435 237 4503 Eadem
260 4438 382 4503 ratione
404 4436 555 4526 explicari
576 4447 699 4525 potest,
722 4433 846 4523 quod§
872 4437 913 4498 42
937 4431 1032 4498 huius
1054 4432 1129 4498 libri
1155 4438 1301 4530 vocabuli

116 4557 293 4623 sententio
312 4556 360 4623 bis
379 4557 503 4647 legatur
521 4556 642 4646 syllaba
662 4555 814 4636 secundm
833 4555 1060 4645 primamanus
1072 4559 1302 4625 eamomisernt
1420 4576 1423 4580 '

116 4701 240 4748 versum
271 4693 456 4769 sequentem
488 4680 592 4749 statim
624 4702 696 4746 oum
731 4682 784 4743 tic
815 4678 988 4768 incipiens,
1020 4698 1082 4766 quo
1103 4694 1208 4747 errore
1228 4706 1301 4772 per-

1099 4803 1115 4851 3
