2946 5182
142 355 184 417 28
511 366 629 415 cranao
653 367 696 415 nr
720 368 762 414 ar
787 366 939 415 rurum.

141 539 275 606 vidimus
310 559 403 628 supra
434 549 546 626 quarto
578 537 728 626 quintove
759 537 884 603 saeculo
914 537 1103 604 maiusculas
1135 551 1260 606 tantum
1292 541 1331 607 in

141 683 201 725 usu
234 682 319 738 esse,
355 669 440 724 sexto
475 658 646 748 septimove
681 657 920 738 semiunciales,
955 657 1108 726 habemus
1144 659 1330 752 exemplum

139 781 312 870 scripturae
339 778 516 844 simillimae
538 777 742 867 eiusdemque
766 778 928 846 Romanae
952 781 1122 847 severitatis
1146 793 1177 848 et
1199 783 1331 872 magni·

140 900 258 967 tudinis
280 898 405 966 saeculo
428 911 515 965 serto
537 897 661 976 medio,
696 890 760 964 ia‘m
781 898 904 965 medius
927 900 1015 966 locus
1038 901 1242 992 assignandus
1265 903 1330 969 erit

141 1021 287 1088 Tulliano
317 1020 417 1099 libro,
448 1018 480 1084 id
511 1030 558 1086 est
581 1018 729 1107 quintum
753 1031 912 1086 sertumre
934 1033 1005 1111 post
1029 1019 1191 1087 Christum
1213 1034 1330 1089 natum

140 1142 312 1209 saeculum.
361 1141 486 1207 Paucae
515 1140 600 1205 enim
631 1150 756 1204 tantum
789 1138 892 1206 adhuc
924 1155 1075 1232 apparent
1104 1141 1328 1224 minusculae,

139 1263 264 1352 illisque
293 1261 364 1328 talis
395 1272 442 1327 est
467 1259 586 1338 forma,
623 1270 658 1324 ut
689 1282 753 1324 non
777 1259 855 1326 adeo
879 1260 1042 1329 discedant
1065 1263 1105 1329 ab
1129 1263 1325 1346 uncialibus;

139 1385 209 1452 ride
241 1405 263 1450 Δ
296 1384 349 1449 cui
379 1379 522 1446 nondum
551 1392 697 1446 curvatus
720 1392 767 1446 est
789 1381 875 1471 prior
897 1381 1028 1463 ductus,
1061 1384 1132 1450 volo
1155 1404 1192 1465 r,
1217 1403 1254 1463 Ρ,
1283 1408 1327 1474 q,

140 1525 182 1584 a,
205 1525 340 1594 quarum
360 1501 480 1568 caudae
500 1501 623 1568 inferne
640 1502 688 1567 rix
700 1501 926 1582 extrahuntur,
947 1503 1328 1592 quemadmodumhetr.

139 1637 258 1692 ceteras
280 1646 345 1689 non
372 1624 417 1688 ita
442 1635 592 1713 superant
615 1645 782 1703 mensura,
808 1636 844 1689 ut
863 1624 988 1691 saeculo
1007 1625 1152 1714 sequenti
1169 1625 1205 1690 fit
1217 1674 1226 1706 ,
1248 1625 1327 1692 dum

138 1766 180 1825 Β,
205 1765 244 1824 Ρ,
270 1765 292 1811 a
315 1745 359 1810 sic
382 1756 526 1810 exaratae
550 1755 641 1823 sunt,
667 1756 703 1809 ut
726 1745 868 1834 superior
890 1745 1018 1810 illarum
1037 1744 1151 1810 ductus
1170 1745 1327 1813 rotundus

139 1880 244 1935 rectae
278 1867 380 1933 lineae
410 1867 455 1932 ita
478 1864 664 1945 inhaereat,
689 1877 725 1931 ut
747 1864 853 1932 ridere
876 1867 975 1932 estin
995 1867 1130 1933 msticis.
1178 1865 1327 1956 Denique

139 1989 267 2079 propius
298 1986 338 2052 ad
370 1988 535 2076 antiquam
569 1987 757 2077 scripturam
788 1985 909 2052 accedit
933 2009 1029 2076 quam
1054 1999 1158 2054 cetera
1182 1986 1327 2078 exempla

139 2108 374 2187 semiuncialia,
400 2131 510 2174 rerum
532 2118 662 2197 propter
684 2104 719 2173 S.
746 2105 958 2172 Germanense
978 2107 1162 2197 psalterium
1182 2107 1327 2176 nondum

139 2252 232 2296 ausus
255 2252 325 2295 sum
348 2228 465 2295 saeculi
488 2228 565 2294 serti
588 2227 710 2293 nullam
733 2226 850 2294 habere
874 2228 1046 2294 rationem.

186 2349 335 2416 attamen
358 2347 393 2416 S.
420 2346 571 2438 Cypriani
595 2347 691 2414 coder
714 2347 811 2415 Paris.
830 2346 942 2438 Suppl.
965 2349 1036 2415 Lat.
1058 2349 1114 2416 ΝΟ.
1135 2352 1222 2430 712,
1242 2351 1329 2441 apud

141 2471 218 2538 Sitv.
251 2469 317 2536 tab.
352 2473 415 2548 48,
448 2467 488 2534 de
518 2467 641 2555 Wailly
670 2467 713 2534 ΙΙ.
748 2471 788 2548 2,
813 2492 870 2534 nos
891 2481 1035 2535 moratur
1058 2469 1181 2550 adhuc,
1207 2472 1328 2562 quippe

141 2593 196 2682 qui
226 2590 266 2656 ad
300 2591 449 2656 amussim
481 2589 639 2679 conspiret
660 2611 733 2655 cum
756 2601 863 2655 nostro
886 2592 1101 2682 manuscripto
1124 2604 1250 2682 praeter
1272 2592 1328 2658 lit·

140 2725 279 2779 terarum
301 2735 494 2779 mensuram.
521 2710 749 2776 .Montfaucon
772 2722 879 2776 autem
902 2709 1017 2777 diserte
1040 2710 1080 2777 de
1103 2712 1158 2777 illo
1180 2735 1328 2803 pronun·

140 2834 274 2900 tiaturus
296 2833 447 2900 iudicarit
470 2854 544 2899 eum
567 2830 693 2897 saeculo
716 2830 868 2920 septimo,
894 2829 1082 2897 Psalterium
1106 2832 1191 2921 quod
1214 2832 1327 2899 eodem

141 2955 301 3021 volumine
341 2954 539 3030 continetur,
576 2961 661 3017 sexto
697 2949 868 3039 septimove
908 2974 973 3017 esse
1005 2964 1181 3034 exaratum3
1216 2976 1328 3020 rerum

141 3072 340 3140 Benedictini
368 3071 522 3138 adversati
552 3082 626 3136 sunt
655 3070 722 3149 illi,
755 3082 904 3159 quartum
935 3072 1122 3161 quintumre
1145 3073 1221 3140 huic
1244 3073 1327 3139 libro

141 3195 332 3284 assignantes
363 3205 395 3259 et
424 3193 469 3258 sic
502 3190 666 3271 Osannus,
698 3191 870 3258 dummodo
894 3194 1071 3259 accuratius
1094 3194 1326 3284 inquisivisset,

140 3313 226 3381 haud
250 3311 441 3403 spernendos
465 3335 539 3378 suae
563 3311 718 3402 opinionis
738 3325 849 3378 nactus
861 3325 941 3380 esset
952 3313 1141 3384 defensores.
1168 3317 1208 3382 Et
1220 3315 1270 3382 vel
1283 3317 1328 3382 sic

137 3449 244 3503 tamen
278 3432 421 3499 nondum
455 3431 536 3498 mihi
570 3455 754 3522 persuasum
782 3445 829 3500 est
856 3434 927 3500 illos
957 3458 1067 3501 rerum
1101 3435 1226 3517 vidisse3
1260 3459 1327 3503 non

138 3558 224 3626 enim
256 3568 379 3623 certum
408 3553 544 3620 afferunt
567 3554 740 3643 scripturae
762 3554 974 3621 semiuncialis
998 3557 1177 3647 exemplum
1200 3581 1237 3623 er
1259 3569 1326 3624 tam

139 3689 260 3745 remoto
301 3689 463 3765 tempore,
503 3674 568 3738 imo
603 3673 707 3740 littera
739 3694 759 3740 a
791 3675 825 3740 in
854 3688 960 3742 nostro
991 3675 1115 3743 ridetur
1138 3678 1327 3766 antiquior,

140 3821 222 3889 quae
253 3820 326 3864 cum
356 3815 397 3875 Β,
427 3813 465 3874 Ρ,
491 3814 513 3860 n
536 3806 622 3860 caret
645 3796 841 3883 antiquitatis
864 3796 981 3862 indicio
1005 3797 1090 3886 quod
1113 3797 1208 3863 modo
1232 3820 1328 3887 urgef

139 3920 235 3998 bam,
255 3916 333 3984 dum
355 3936 391 3996 r,
417 3935 456 3996 Ρ,
482 3935 503 3982 n
526 3915 649 3981 inferne
668 3915 897 4005 protrahuntur
919 3916 1108 4007 paululum,
1134 3929 1166 3983 et
1189 3918 1329 3984 occurrit

140 4039 264 4105 littera:
290 4059 313 4102 u
334 4035 439 4126 priore
461 4034 561 4102 ductu
584 4058 717 4127 superne
740 4049 880 4104 curvato.
929 4035 1047 4104 Contra
1067 4038 1193 4127 septimi
1210 4038 1328 4104 saeculi

141 4160 337 4227 defensorem
361 4156 497 4223 afferunt
519 4157 718 4223 membranas
742 4156 890 4224 candidas
911 4156 1163 4246 atquesubtiles3
1187 4170 1219 4223 at
1231 4157 1329 4224 iidem

141 4282 190 4348 illi
219 4277 418 4346 Benedictini
442 4277 626 4345 adsertam
649 4291 776 4370 etpost
799 4278 958 4346 decimum
982 4278 1144 4344 saeculum
1167 4278 1266 4344 talem
1290 4278 1328 4344 iis

141 4402 236 4468 fuisse
266 4411 413 4465 naturam
434 4400 532 4466 ,nobis
564 4413 708 4468 auctores
738 4413 831 4480 sunt,
872 4400 960 4488 atqui
983 4423 1049 4466 non
1072 4423 1161 4467 meae
1185 4399 1329 4490 opinioni

142 4522 324 4590 adversatur
345 4519 456 4589 eadem
479 4521 558 4589 haec
580 4523 774 4613 palimpsesti
797 4522 896 4588 nostri
920 4527 1046 4590 natura.
1094 4521 1218 4610 Urgent
1235 4520 1329 4610 pagi·

143 4667 198 4712 nas
221 4641 344 4711 duobus
368 4642 522 4712 columnis
546 4643 730 4735 descriptas3
758 4656 788 4710 at
813 4664 917 4732 neque
940 4642 1001 4710 hoc
1025 4640 1221 4710 venerandae
1242 4643 1327 4706 anti-
