2946 5182
439 383 505 431 ns.
533 367 580 435 11„
604 368 621 450 s
651 366 704 442 11,
732 367 787 442 21,
814 368 869 442 sc,
896 367 952 444 2s,
979 368 1032 430 30.
1291 370 1331 430 rs

137 551 238 619 modo
277 552 511 643 transponenda
550 576 616 621 esse
651 565 815 620 censuerat
850 553 917 634 ille;
950 552 1081 619 offendit
1112 552 1222 618 saltem
1257 554 1332 621 ordo

139 696 275 753 eornm,
300 671 438 763 denique
460 674 522 740 nisi
540 674 634 740 nimis
651 674 817 740 temerarie
836 686 993 764 expuncta
1013 673 1212 755 riderentur,
1234 675 1333 742 liben-

140 806 195 860 ter
218 794 375 861 secundae
397 817 511 860 manus
535 794 714 886 exemplum
738 817 896 885 sequerer.

193 1036 275 1103 Ibid.
323 1038 383 1105 ba
415 1045 499 1102 aunt
530 1041 620 1102 enim
651 1036 784 1102 demum
812 1061 879 1102 non
895 1036 1053 1124 ferenda
1077 1040 1115 1101 in
1134 1037 1334 1116 mendacio,

142 1179 237 1249 quae
267 1181 335 1223 non
364 1159 473 1223 solum
497 1157 605 1247 facie
637 1178 732 1237 ease,
758 1158 823 1222 aed
845 1180 887 1223 ne
909 1158 993 1235 fieri
1019 1130 1156 1247 quidem
1173 1162 1338 1248 potuisse

143 1282 333 1346 emisimus.
382 1276 521 1345 «Codex
551 1279 654 1368 prima
677 1301 775 1344 manu
789 1278 898 1366 facto
910 1328 919 1358 ,
945 1277 1083 1344 secunda
1098 1278 1244 1365 false.»
1268 1277 1337 1344 Ma·

144 1400 212 1478 ius3
249 1397 336 1464 haud
363 1399 408 1464 ita
431 1399 533 1465 facile
565 1398 753 1466 crediderim
782 1399 902 1465 Maium
926 1399 1031 1488 legere
1055 1398 1192 1488 potuisse
1208 1397 1336 1485 falsa,

145 1542 226 1584 nam
260 1518 322 1584 hoc
356 1541 421 1584 non
458 1518 618 1598 cernitur,
653 1541 713 1586 nec
746 1542 784 1585 ex
816 1517 985 1610 Augustini
1020 1517 1234 1584 desiderium
1258 1518 1339 1585 illud

143 1640 301 1730 expiscari
330 1640 448 1729 potuit3
481 1638 620 1729 denique
651 1638 786 1730 simplici
808 1639 902 1705 modo
926 1652 1086 1706 correctus
1106 1652 1153 1706 est
1176 1639 1267 1706 hicce
1290 1639 1339 1705 lo·

144 1782 226 1839 cus,
260 1783 335 1825 nem
367 1764 382 1824 i
412 1759 646 1850 suprascribens
677 1783 714 1826 ex
733 1759 844 1848 facta
873 1760 950 1826 fecit
972 1759 1070 1826 altera
1094 1783 1206 1825 manus
1219 1761 1336 1848 fictc;

145 1903 233 1970 qnae
263 1879 442 1948 emendatio
471 1881 594 1946 etiamsi
624 1881 763 1971 speciosa
793 1904 858 1945 non
889 1881 1072 1971 accipienda
1095 1881 1237 1959 ridetur,
1263 1904 1338 1948 nam

145 2013 361 2069 correctorem
390 2001 530 2081 latebat,
561 2003 692 2092 opinor,
724 2003 925 2092 negationem
960 2003 992 2067 in
1027 2001 1247 2068 huiuscemodi
1268 2003 1338 2070 dic·

143 2123 288 2189 tionibus
311 2121 520 2212 subintelligi;
554 2145 617 2212 qua
641 2120 681 2188 de
703 2145 737 2189 re
761 2123 898 2189 conferri
915 2134 1018 2213 potest
1038 2120 1159 2188 Osanni
1181 2124 1339 2191 Excursus

145 2263 248 2311 xvnr.
297 2244 526 2310 Grammaticos
549 2243 588 2310 de
611 2243 706 2310 huius
730 2245 793 2309 loci
816 2244 971 2335 scriptura
990 2243 1183 2310 iudicaturos
1202 2247 1338 2312 monitos

145 2364 247 2431 velim
269 2363 401 2432 verbum
424 2387 501 2430 ease
522 2364 633 2431 itidem
657 2388 675 2430 a
698 2365 836 2432 secunda
859 2388 957 2431 manu
980 2389 1045 2432 esse
1069 2365 1224 2432 additum.

197 2605 285 2674 xil.
311 2609 329 2692 §
357 2611 411 2672 30.
458 2607 580 2674 Multa
603 2608 784 2697 intelliges
807 2610 914 2671 eliam
937 2606 1083 2670 aliunde
1106 2617 1246 2698 sumpte
1271 2632 1341 2674 me·

148 2730 247 2794 liora
270 2726 369 2818 opud
389 2750 452 2793 nos
475 2729 582 2793 multo
605 2750 683 2793 esee
693 2727 822 2817 fecte,
849 2700 958 2814 ,poem
983 2726 1033 2790 ibi
1044 2725 1226 2813 fuissent,
1250 2729 1341 2795 unde

148 2851 220 2914 leuc
249 2849 434 2913 translata
461 2857 589 2914 essent.
639 2848 778 2914 Vitiosae
802 2845 918 2913 codicis
942 2845 1119 2935 scriptionis
1147 2848 1217 2911 ribi
1240 2848 1341 2915 Maius

148 2970 380 3037 correctionem
417 2968 476 3035 sibi
513 2969 665 3049 vindicem
706 2981 753 3037 est
783 2980 890 3034 autem
918 2965 1076 3032 secundae
1105 2988 1236 3049 manus,
1266 2992 1342 3035 nem

147 3091 258 3157 littera
282 3114 299 3155 s
322 3091 439 3156 lineola
462 3103 571 3156 notata
594 3114 660 3157 esse
679 3102 828 3182 apparet,
850 3089 938 3178 atqui
958 3111 1022 3153 non
1042 3101 1088 3154 est
1108 3088 1341 3158 subsistendum

133 3214 186 3279 -in
211 3213 287 3279 Maii
310 3213 494 3278 coniectura
518 3216 554 3278 ei
576 3213 627 3277 ibi
650 3235 668 3277 a
692 3212 815 3279 Mosero
839 3222 924 3277 recte
948 3209 1136 3301 improbata.

222 3453 306 3520 ibid.
355 3453 543 3545 Intelligec
578 3477 646 3521 noo
667 3454 826 3542 fortuito
850 3459 1019 3548 populum
1043 3456 1254 3534 Romanum,
1282 3455 1347 3521 sed

150 3576 302 3643 concilio
333 3584 367 3640 et
390 3575 586 3666 disciplina
610 3576 849 3663 confirmatum
873 3599 969 3658 esee,
995 3599 1056 3641 nec
1079 3585 1193 3639 temen
1218 3574 1344 3640 adver·

152 3705 258 3763 eante
269 3695 435 3784 fortuna.
467 3694 602 3762 «Goder
613 3696 840 3784 fortunam.»
864 3698 979 3779 Maius3
1006 3698 1071 3777 ita,
1097 3695 1150 3762 sed
1173 3719 1238 3762 non
1258 3697 1345 3765 deest
1388 3774 1391 3781 ,

153 3817 294 3898 lineola,
327 3841 391 3908 qua
414 3817 573 3884 deleretur
596 3841 648 3897 m,
672 3819 781 3885 vitiose
803 3842 841 3884 er
864 3821 1009 3909 sequenti
1032 3818 1176 3885 Mortuo
1196 3820 1343 3910 repetita3

152 3940 219 4006 iem
242 3939 287 4004 sic
310 3938 433 4005 tollitur
453 3941 608 4029 quaesti03
634 3963 710 4006 nem
732 3939 831 4005 Maius
855 3941 1011 4019 coniecit,
1035 3939 1169 4030 repetita
1194 3940 1344 4007 vocabuli

145 4062 304 4151 fortuna
337 4061 449 4127 ultima
472 4060 594 4150 syllaba
619 4062 785 4152 sequentia
810 4085 867 4152 per
889 4086 969 4127 nem
993 4063 1066 4128 satis
1089 4063 1187 4127 otiose
1210 4060 1347 4129 subnec-

154 4195 224 4250 tere
246 4182 324 4248 huic
347 4182 454 4272 capiti.

205 4423 292 4490 XXI.
328 4428 426 4510 §37.
463 4422 554 4490 Post
576 4447 650 4490 eum
675 4423 794 4516 (regem
822 4424 1044 4515 Tarquinium)
1071 4424 1219 4492 Servius
1244 4426 1347 4492 *rut-

158 4548 233 4612 lius
257 4549 401 4637 primus
432 4549 571 4611 iniussu
596 4549 725 4638 populi
752 4549 958 4637 regnavisse
986 4546 1160 4613 traditur.
1209 4546 1347 4614 «Codex

159 4667 392 4735 evidentissime
417 4664 621 4756 Sulprieius,
647 4667 732 4758 quod
754 4681 859 4734 autem
884 4668 916 4732 in
940 4667 1083 4758 principe
1106 4666 1245 4733 editione
1264 4666 1346 4747 diri,
