2946 5182
141 348 203 409 154
569 356 598 400 c.
626 355 736 400 roaros
761 355 891 401 vroron.

185 531 257 597 Una
290 526 430 593 litterula
460 526 571 591 omissa
603 526 698 614 paulo
728 537 798 614 post
821 549 850 590 r.
878 529 942 603 29,
972 526 1160 591 sententiam
1183 544 1333 613 pessum·

139 651 246 719 dedit:
308 650 445 715 «Potest
483 667 715 735 nonnunquam
755 658 826 736 post
860 646 1072 712 narrationem
1107 645 1336 735 prohoemium

140 774 227 865 poni.
277 770 311 838 Si
334 770 419 835 enim
443 781 489 835 cst
513 767 597 857 quod
621 766 706 858 apud
729 767 940 856 suspicionem
962 766 1106 833 iudicum
1129 789 1244 833 causae
1259 766 1336 833 offi-

143 895 224 972 ciat,
256 892 315 982 ipsi
349 903 456 957 autem
490 889 715 979 expositionem
747 888 866 977 nogotii
896 888 1000 953 statim
1032 886 1212 953 desiderent
1224 936 1234 966 ,
1259 911 1338 978 pos·

142 1038 249 1082 sumus
279 1013 407 1102 utrique
436 1011 480 1077 rei
513 1009 710 1088 satisfacere,
742 1021 776 1075 ut
799 1009 965 1099 explanata
988 1010 1075 1075 omni
1098 1010 1338 1087 controversia,

144 1135 257 1225 quibus
288 1131 481 1199 medendum
505 1144 572 1210 est,
597 1130 763 1196 leniamus.
811 1130 864 1197 Ao
884 1134 919 1195 εί
942 1129 1205 1221 adprobationes
1229 1142 1339 1196 trans·

144 1279 271 1334 eamus,
306 1253 391 1344 quod
422 1274 521 1342 genus
551 1251 663 1317 Graeci
690 1252 803 1332 μερικὰ
834 1250 1017 1340 prohoemia
1048 1251 1251 1342 appellant.»
1300 1251 1341 1318 ln

146 1377 254 1443 codice
282 1388 329 1442 est
352 1378 425 1453 sio,
455 1395 518 1462 qua
538 1372 675 1439 lectione
698 1384 827 1462 recepta
851 1374 922 1461 quis
944 1395 1009 1438 non
1033 1373 1117 1439 ridet
1140 1395 1242 1438 unam
1266 1396 1342 1439 sen-

53 1512 59 1523 '
144 1499 276 1567 tentiam
299 1495 383 1560 male
406 1493 591 1560 dissectam:
619 1504 703 1572 «ut,
725 1493 840 1582 quibus
860 1491 1054 1559 medendum
1069 1504 1135 1570 est,
1156 1493 1341 1573 leniamus,

145 1643 188 1684 ae
223 1622 276 1682 sic
311 1614 350 1680 ad
382 1615 582 1705 probationes
613 1627 828 1693 transeamus,
854 1626 942 1680 cet.»
981 1613 1068 1681 Bene
1090 1611 1270 1679 tenendum
1294 1626 1344 1680 θεῖ

148 1752 254 1805 autem
284 1738 404 1804 Maium
436 1738 505 1803 iure
536 1760 592 1802 suo
619 1736 789 1802 sententias
817 1734 1011 1812 distinxisse,
1035 1757 1098 1824 quo
1117 1735 1252 1801 nomine
1274 1758 1344 1801 non

148 1861 267 1949 ubique
299 1881 392 1923 omne
424 1870 580 1948 punctum
607 1857 715 1922 tulisse
738 1855 818 1922 mihi
841 1855 986 1935 videtur,
1012 1867 1152 1922 attamen
1175 1856 1210 1922 in
1235 1857 1345 1923 mino·

149 1982 236 2047 ribus
259 1981 324 2045 istis
348 2002 436 2046 nunc
458 1978 588 2045 haerere
612 2000 677 2042 non
700 1989 802 2042 vacat.

194 2102 272 2191 Pag.
299 2105 365 2166 243
389 2122 418 2165 r.
447 2102 508 2163 41:
559 2098 679 2163 «Licet
703 2097 892 2187 principales
913 2099 1109 2187 quaestiones
1128 2097 1162 2164 in
1181 2099 1347 2190 principio

150 2244 374 2313 praecerpere,
402 2218 559 2309 quomodo
589 2241 647 2307 pro
676 2218 790 2284 Flacco
814 2230 846 2284 et
861 2241 933 2308 pro
957 2218 1089 2285 Fonteio
1113 2219 1243 2285 Marcus
1266 2218 1350 2286 Tul·

151 2346 228 2411 lius:
257 2341 346 2408 Nihil
369 2341 420 2429 aqi
441 2340 496 2404 illo
519 2338 656 2419 iudicio,
681 2341 742 2405 nisi
762 2352 797 2405 ut
816 2341 1015 2429 magistratus
1033 2341 1067 2405 in
1086 2341 1261 2430 provinciis
1280 2364 1349 2408 non

152 2465 289 2531 audeant
323 2463 477 2552 imperare
512 2461 619 2539 sociis,
656 2458 741 2550 quod
772 2484 808 2525 cr
839 2483 899 2525 usu
929 2462 975 2526 rei
1004 2461 1152 2551 publicae
1183 2464 1266 2528 sit.»
1310 2463 1350 2530 ln

153 2588 261 2655 codice
295 2607 359 2650 non
386 2596 485 2650 exstat
515 2584 612 2649 altera
643 2583 833 2672 praepositio
857 2606 928 2672 pro
940 2632 948 2662 ,
981 2583 1067 2648 unde
1097 2582 1179 2649 mihi
1205 2585 1351 2674 suspicio

153 2723 227 2779 nata
259 2719 306 2774 θεῖ
338 2706 435 2771 latere
466 2702 711 2793 dittographianr
741 2704 775 2768 in
809 2703 938 2769 Flacco
968 2716 1000 2770 et
1031 2704 1169 2783 thea'o,
1199 2705 1290 2794 quod
1316 2707 1352 2773 in

154 2831 307 2919 scriptura
336 2824 575 2914 Longobardica
598 2824 690 2889 facile
718 2823 889 2889 admodum
916 2826 1042 2891 misceri
1068 2837 1185 2915 potest3
1221 2827 1352 2895 accedit

156 2950 240 3041 quod
263 2951 296 3014 in
320 2948 461 3012 oratione
485 2967 541 3034 pro
566 2944 680 3010 Flacco
703 2944 782 3010 haec
806 2945 948 3034 quaestio
971 2968 1036 3011 non
1059 2947 1254 3015 inveniatur.

201 3072 292 3137 Iurat
313 3068 419 3133 locum
442 3066 552 3132 vitiose
576 3065 696 3131 editum
718 3065 883 3131 restituere
898 3065 980 3131 duce
999 3065 1128 3131 librario
1149 3066 1229 3158 Gap.
1252 3070 1353 3154 XVI,

156 3215 230 3282 pag.
256 3192 321 3253 246
345 3212 373 3252 v.
400 3191 460 3252 16:
510 3185 624 3251 «Sunt
646 3209 778 3265 causac,
813 3209 893 3275 quae
912 3187 1126 3253 narrationem
1145 3186 1268 3258 habere
1285 3216 1355 3260 non

157 3321 306 3403 possunt,
332 3319 368 3371 ut
391 3308 417 3372 si
439 3308 522 3372 inter
545 3306 624 3371 duos
646 3306 685 3372 de
708 3306 880 3373 sacerdotio
905 3321 1094 3396 quaeratur,
1120 3322 1191 3376 uter
1214 3314 1257 3378 sit
1281 3314 1356 3406 dig-

159 3434 242 3513 nior;
269 3433 302 3495 in
327 3451 390 3518 quo
414 3450 470 3491 nos
494 3426 561 3491 falli
585 3449 647 3491 nou
673 3440 819 3517 oportet,
850 3452 948 3516 quum
972 3429 1012 3497 da
1035 3431 1201 3498 nobilitate
1224 3437 1357 3523 generis

161 3567 214 3620 aut
249 3552 288 3618 de
321 3549 441 3616 meritis
469 3547 657 3637 disputatur.
708 3548 748 3612 V
747 3572 841 3613 erum
876 3551 961 3616 enim
996 3549 1056 3617 hae
1087 3575 1152 3618 non
1180 3577 1357 3625 causarum

161 3675 376 3750 narrationes,
409 3669 463 3734 sed
495 3669 715 3759 quaestionum
744 3670 871 3735 illarum
894 3674 1169 3763 praeparationes,
1195 3689 1270 3743 uter
1292 3702 1357 3745 no·

161 3797 270 3875 bilior,
302 3805 373 3858 uter
402 3790 514 3856 melior
541 3791 679 3869 meritis,
705 3803 778 3856 uter
798 3795 1042 3880 praestantior.»
1088 3795 1190 3861 Nemo
1214 3821 1283 3864 non
1306 3803 1358 3866 ri-

163 3918 216 3982 det
251 3914 420 3980 desiderari
452 3911 603 3990 verbum,
638 3923 669 3976 et
699 3913 790 3977 nihili
821 3937 886 3979 esse
922 3914 1005 4002 quod
1035 3939 1121 3982 nunc
1152 3918 1285 4008 legitur3
1321 3924 1357 3989 in

163 4036 270 4104 codice
302 4046 349 4098 θεῖ
379 4011 453 4111 E‘r',
478 4055 541 4122 quo
564 4055 680 4096 oerum
703 4030 850 4098 librarius
873 4056 1049 4121 numquam
1073 4037 1282 4125 significarit,
1308 4055 1359 4108 est

86 4208 88 4213 -
164 4158 296 4224 verbum
328 4155 471 4230 Erunt;
501 4177 595 4243 porro
626 4154 729 4219 notari
751 4166 853 4243 potest
876 4156 1008 4220 varietas
1031 4157 1298 4246 interpunctionis
1322 4164 1358 4228 in

166 4279 293 4357 codice,
316 4275 373 4341 ubi
391 4287 454 4341 est:
482 4298 502 4338 a
516 4288 586 4342 uter
608 4276 739 4356 melior,
765 4277 883 4343 meritis
908 4290 979 4343 uter
999 4281 1249 4368 praestantior.»

213 4398 304 4486 Quod
330 4397 454 4485 signum
482 4392 559 4485 Cap.
585 4396 696 4475 XVII,
721 4419 794 4486 pag.
821 4401 886 4464 246
908 4422 937 4464 a.
963 4402 1001 4464 21
1023 4399 1126 4466 editor
1148 4403 1273 4492 accepit
1294 4428 1356 4494 pro

166 4548 207 4602 c,
228 4533 275 4587 est
294 4516 474 4585 terminatio
498 4540 562 4580 aas:
596 4540 617 4579 «
630 4519 698 4602 Quo
724 4517 793 4583 loco
805 4518 917 4585 iudicis
930 4543 1057 4611 quoque
1069 4523 1227 4589 noscenda
1238 4539 1359 4592 natura

167 4657 231 4723 est,
249 4641 310 4708 iuri
326 4639 425 4728 magis
438 4661 477 4702 an
491 4661 592 4727 aequo
606 4639 644 4703 sit
656 4644 862 4730 opposito.»
882 4641 1043 4710 Librarius
1055 4643 1141 4711 dedit
1153 4651 1356 4736 appositus.
