2946 5182
141 357 203 420 156
577 372 604 417 o.
632 373 740 421 rumas
765 375 895 422 vrcron.

183 540 336 607 Similiter
364 564 420 631 pro
445 542 540 608 verbo
565 546 738 634 composito
759 544 861 609 Maius
874 542 967 608 dedit
990 542 1167 629 simplicem
1188 541 1333 606 formam

137 685 204 751 seq.
229 686 320 728 versu
342 666 590 731 «exercitatione
608 680 640 732 et
664 664 828 730 discendo
854 676 995 730 auctores
1020 665 1153 753 optimos
1178 663 1220 727 ad
1244 663 1333 727 hanc

138 783 272 849 eandem
307 808 400 850 cursu
434 787 617 875 perveniet,
655 786 694 851 ad
730 808 826 874 quam
850 785 930 849 ratio
954 783 1119 850 deducit.»
1155 781 1270 849 Scribe
1296 795 1334 848 ut

139 907 241 973 estin
265 907 372 973 codice
395 907 591 974 ediscendo.

184 1025 268 1092 Duas
291 1029 410 1117 primae
429 1051 558 1107 manus,
584 1029 620 1092 ni
641 1027 753 1106 fallor,
778 1027 987 1092 correctiones
1000 1024 1101 1092 editor
1113 1025 1233 1115 sprevit
1247 1022 1332 1116 (lap.

140 1146 253 1226 XXII,
276 1171 349 1238 pag.
376 1152 440 1213 255
463 1172 493 1214 r.
522 1153 584 1226 17,
609 1147 665 1213 ubi
689 1171 725 1213 ex
752 1147 967 1232 Quinctiliano
990 1147 1015 1213 Ι.
1043 1145 1090 1226 0.,
1109 1145 1166 1211 ΙΧ.
1192 1152 1233 1226 3,
1255 1147 1335 1211 tic·

138 1279 187 1331 tor
221 1267 316 1333 tradit
351 1281 469 1335 veteres
503 1268 614 1334 dixisse
649 1269 861 1335 «incumbere
897 1270 1038 1347 illump)
1075 1279 1106 1332 at
1141 1269 1175 1332 in
1210 1265 1336 1334 (lodice

138 1401 315 1455 correctum
339 1401 385 1454 est
408 1390 656 1479 transpositionis
680 1390 818 1468 indicio,
840 1402 875 1455 ut
899 1390 954 1454 fiat
979 1393 1017 1453 in
1040 1391 1152 1454 illum.

185 1509 267 1574 'lum
301 1533 331 1575 r.
369 1513 408 1574 21
446 1510 590 1575 futurum
625 1510 862 1577 rescribendum
894 1522 940 1576 est
975 1533 1011 1576 ex
1046 1508 1274 1576 emendatione
1298 1512 1334 1576 in

137 1630 206 1695 his:
256 1630 330 1696 «lt
358 1632 414 1719 qui
443 1632 579 1696 nimium
609 1631 821 1709 affectaverit,
853 1632 954 1720 ipsam
976 1629 1065 1695 illam
1087 1631 1225 1720 gratiam
1250 1634 1336 1699 reri-

139 1752 210 1816 tatis
235 1754 411 1816 omittet.»

186 1873 338 1962 Sequitur
368 1897 400 1962 p.
437 1878 501 1938 256
530 1897 559 1939 r.
586 1879 604 1939 7
629 1875 706 1940 item
730 1875 850 1964 primae
873 1897 985 1939 manus
1009 1873 1207 1953 emendatio,
1236 1897 1338 1963 quarn

138 2018 305 2085 perperam
340 1995 441 2083 Maius
477 1994 596 2059 omisit:
658 1993 732 2059 «lt
767 1996 793 2059 si
828 1996 947 2084 aperias
981 1994 1080 2074 haec,
1105 1999 1218 2083 'quae'
1238 1996 1338 2062 verbo

139 2140 203 2182 uno
228 2118 352 2180 clausa
377 2127 486 2193 erant,
512 2114 747 2204 apparebunt.»
784 2115 905 2180 Victori
922 2113 1081 2181 reddenda
1105 2128 1152 2180 est
1175 2119 1337 2183 inclusa.

187 2235 305 2302 Contra
337 2236 547 2325 compositum
577 2259 634 2325 pro
665 2235 761 2301 verbo
785 2235 920 2325 simplici
941 2236 1047 2325 posuit
1070 2233 1173 2299 editor
1194 2236 1280 2303 ibid.
1295 2261 1337 2303 r.

140 2362 203 2424 37:
231 2369 295 2422 «ut
316 2380 371 2435 ea,
397 2379 478 2446 quae
502 2379 595 2446 supra
620 2355 836 2434 ediximus'm
861 2379 924 2445 quo
945 2379 1037 2422 sensu
1060 2357 1218 2421 diximus
1241 2380 1340 2424 suum

139 2479 246 2544 locum
270 2478 401 2544 obtinet.

84 2631 88 2637 ’
186 2601 283 2667 Periit
311 2600 424 2688 copula
453 2608 487 2663 et
514 2621 571 2687 per
598 2600 770 2688 scripturae
792 2598 1029 2687 compendium3
1053 2598 1175 2663 librarii
1194 2623 1337 2667 manus:

139 2704 289 2836 itirquille
329 2744 412 2809 Maio
444 2754 490 2808 est
522 2743 757 2831 «tranquille»
801 2740 929 2832 Corrige
956 2744 1021 2807 iam
1043 2768 1075 2833 p.
1101 2746 1166 2808 257
1198 2767 1232 2810 v.
1271 2750 1337 2811 37:

141 2853 275 2919 «Debet
308 2873 382 2939 ergo
415 2858 449 2914 et
475 2848 667 2937 tranquille,
701 2860 737 2913 ut
760 2848 814 2914 ille
837 2849 973 2929 medius3
1001 2849 1094 2914 debet
1118 2861 1149 2914 et
1173 2850 1342 2917 subtiliter

244 2971 338 3037 debet
361 2982 392 3036 et
416 2961 662 3034 vehementem
755 3012 758 3021 -

189 3091 289 3181 Saepe
308 3091 422 3156 accidit
441 3091 475 3155 in
493 3090 715 3181 compendiosa
735 3094 888 3183 scriptura
907 3104 942 3156 ut
960 3092 1099 3157 diversae
1124 3094 1220 3158 unius
1247 3095 1342 3161 verbi

142 3214 380 3280 terminationes
403 3211 514 3278 iisdem
538 3215 622 3302 siglis
643 3215 879 3302 significentur,
905 3214 957 3278 sed
981 3213 1066 3279 haud
1094 3214 1157 3278 scio
1183 3236 1225 3279 an
1252 3229 1342 3282 recte

143 3331 327 3421 explicuerit
352 3331 472 3396 Maius:
498 3309 543 3395 hi
556 3355 614 3420 por
636 3334 751 3397 brevis
773 3356 802 3397 r.
827 3336 868 3396 18
889 3345 920 3396 at
935 3332 1124 3396 breviter'r.
1139 3335 1182 3396 tto
1195 3355 1231 3421 p.
1248 3337 1338 3400 258:

145 3451 302 3519 «Comma
325 3464 371 3517 est
395 3453 518 3518 concisa
542 3453 575 3516 in
595 3452 731 3540 singulas
742 3465 847 3542 partes
859 3454 973 3517 brevis
993 3453 1111 3531 oratio,
1133 3465 1169 3517 ut
1189 3467 1239 3519 est
1256 3456 1342 3521 illud

145 3575 229 3665 apud
260 3576 303 3641 Μ.
336 3574 495 3640 Tullium:
532 3574 626 3654 abiit,
652 3576 802 3653 excessit,
828 3576 941 3653 erasit,
967 3576 1082 3663 erupit.
1133 3572 1237 3640 Golon
1263 3590 1341 3644 'vero
1400 3605 1403 3611 ·

144 3721 201 3787 per
223 3697 366 3762 membra
393 3697 542 3762 definitae
565 3696 717 3760 breviter
740 3696 912 3776 dictiones,
938 3707 973 3761 ut
997 3709 1042 3761 est
1066 3695 1149 3784 apud
1174 3697 1339 3764 eundern:

146 3841 310 3907 quousque
344 3817 473 3883 tandem
509 3816 638 3883 abutere
675 3816 810 3883 Catilina
846 3818 998 3907 patientia
1021 3816 1152 3880 nostra?
1179 3819 1342 3905 quamdiu

144 3956 176 4007 te
207 3943 270 4005 iam
300 3941 387 4004 furor
417 3924 475 4003 iste
506 3952 579 4003 tuus
611 3938 742 4003 eludet?
779 3962 875 4027 quem
907 3939 945 4003 ad
970 3939 1066 4003 finem
1091 3961 1155 4002 sese
1179 3939 1341 4006 effrenata

144 4060 274 4128 iactabit
298 4059 479 4124 audacia?>›
529 4058 645 4144 Quidni
668 4060 809 4149 legamus
833 4058 981 4124 breves?

191 4181 269 4272 Gap.
304 4180 429 4259 XXIV,
462 4203 534 4269 pag.
572 4183 635 4244 259
665 4204 693 4246 r.
729 4185 769 4245 25
799 4181 920 4245 etiamsi
944 4181 989 4244 sie
1014 4202 1140 4268 quoque
1164 4180 1198 4248 in
1224 4183 1340 4251 codice

144 4317 243 4370 exstat
275 4303 407 4368 coniioio
439 4301 608 4390 legendum
640 4303 763 4368 Marci
797 4302 909 4366 Tullii
937 4323 995 4390 pro
1026 4304 1174 4366 maximi
1200 4301 1338 4385 Tullii,

145 4428 261 4517 quippe
290 4425 345 4514 qui
377 4424 441 4488 lere
466 4447 589 4512 semper
614 4446 668 4488 suo
692 4423 896 4512 praenomine
921 4445 984 4486 non
1008 4446 1080 4488 vero
1104 4421 1166 4487 hoc
1191 4426 1340 4514 epitheto

145 4547 279 4639 gaudeat
303 4545 386 4636 apud
411 4546 582 4611 Victorem.

190 4673 309 4737 Verum
333 4693 396 4735 non
421 4683 486 4748 cst,
516 4667 599 4758 qnod
625 4669 724 4736 Maius
749 4668 785 4733 ad
812 4689 881 4754 pag.
910 4667 970 4730 261
1000 4689 1027 4734 v.
1057 4670 1075 4731 4
1100 4665 1230 4754 adnotat
1258 4692 1340 4734 con-
