2946 5182
500 376 506 388 ·
554 360 739 412 senscrunt
764 360 904 409 comeus.
1303 350 1322 410 9

137 536 274 600 istorum
298 532 464 598 hominum
484 531 633 598 defendas
653 554 810 598 morosam
834 533 1078 598 inconstantiam
1101 545 1169 598 tum
1201 534 1232 596 iu
1256 533 1325 612 his,

138 667 216 720 tum-
232 654 266 718 in
291 650 379 730 aliis,
412 651 566 717 vocabula
588 652 658 717 volo
677 653 761 718 male
785 651 917 719 dissecta
941 665 997 719 ant
1018 654 1169 720 miserum
1192 655 1233 719 iu·
1257 678 1327 721 mo·

139 775 217 842 dum
241 772 364 840 duobus
388 773 528 840 versibus
546 772 736 853 distribute,
761 797 824 862 qua
847 775 881 839 in
901 797 935 840 rc
951 796 1077 865 prorsus
1101 773 1212 842 eadem
1231 777 1328 843 offen-

139 895 187 962 dit
206 895 421 985 negligentia,
447 917 545 984 quam
559 895 658 962 nolite
676 895 956 962 fallacemducem
970 896 1079 985 sequi,
1105 909 1175 963 uta
1200 897 1328 986 quibus-

141 1016 215 1083 dam
234 1017 356 1082 factum
372 1038 439 1082 esse
459 1017 535 1082 seio.
572 1016 713 1083 Praestat
733 1037 807 1083 cum
822 1015 1017 1106 palimpsesti
1035 1017 1134 1082 nostri
1154 1031 1330 1088 correctore

142 1136 312 1206 emendare
347 1136 483 1203 absurda
517 1138 576 1203 ista
607 1151 703 1227 atque
741 1136 781 1202 ad
816 1150 948 1204 cenam
973 1160 1117 1205 normam
1153 1139 1328 1222 recudere;

143 1281 239 1350 penes
263 1256 397 1324 editores
415 1259 501 1324 enim
519 1271 568 1324 est
589 1281 665 1325 sana
684 1258 807 1325 ratione
822 1257 934 1325 ductos
953 1259 1241 1349 manuscriptorum
1260 1274 1331 1329 tum

143 1377 299 1447 vocabula
328 1390 402 1443 tum.
422 1378 594 1444 sententias
615 1377 820 1468 distinguere.
869 1378 938 1445 Hoc
958 1379 1111 1446 ultimum
1134 1379 1174 1446 de
1201 1382 1330 1471 politico

145 1522 273 1590 quoquc
297 1498 405 1566 codice
428 1498 550 1566 dictum
566 1499 721 1588 accipias,
745 1522 821 1569 uam
840 1499 1009 1566 hucin-re
1026 1515 1152 1589 quaest
1171 1503 1330 1582 socordia,

144 1621 292 1688 librarius
324 1620 535 1711 negligentius
558 1621 643 1710 egit,
674 1633 710 1686 ut
733 1620 835 1687 Maius
854 1622 979 1688 monuit
1002 1645 1075 1712 pag.
1097 1641 1160 1689 nx:
1188 1646 1333 1715 «pausas

145 1741 232 1809 haud
255 1765 327 1807 raro
351 1764 522 1832 apparere,
554 1765 669 1831 nempe
692 1753 853 1831 punctum,
872 1740 1032 1831 quoddam
1055 1765 1223 1809 recursum
1246 1744 1332 1809 iuxta

147 1863 271 1930 litterae
294 1863 530 1940 summitatem,
551 1860 640 1951 quod
657 1873 765 1930 tamon
784 1862 819 1927 iu
839 1862 1007 1933 Frontonis
1025 1861 1134 1929 codice
1157 1863 1258 1930 multo
1282 1887 1333 1930 ac·

148 1985 287 2051 curatius
316 1984 578 2074 frequentiusque
608 1983 683 2050 fit.»
738 1981 838 2073 Atqui
865 1983 982 2049 iniuria
1013 1983 1164 2073 queritur
1188 1982 1333 2061 Osanuus

146 2131 220 2199 pag.
233 2126 310 2187 xvi,
342 2105 382 2172 de
400 2107 505 2196 pausis
532 2105 698 2196 punctisse
728 2104 776 2171 ntt
805 2105 926 2171 Maium
957 2102 1141 2186 adnotasse3
1177 2105 1225 2171 sin
1252 2107 1334 2172 forte

147 2229 345 2298 desiderabat
365 2229 508 2295 omnium
526 2240 719 2319 punctorum
731 2228 767 2293 iu
785 2227 945 2314 Varietate
957 2226 1101 2294 lectionis
1116 2227 1332 2306 notationem,

147 2352 283 2418 nimium
307 2350 436 2441 optabat
459 2349 536 2429 ille,
557 2372 632 2414 nam
655 2371 839 2438 persuasum
859 2347 940 2414 mihi
959 2360 1005 2415 est
1023 2371 1080 2413 nos
1102 2349 1230 2414 omnino
1253 2347 1334 2412 nihil

148 2497 190 2539 er·
211 2473 344 2538 istarum
370 2470 528 2560 farragine
554 2469 671 2535 lucrari
693 2493 803 2559 posse,
836 2469 983 2535 librarius
1009 2481 1075 2534 tam
1101 2468 1184 2535 male
1208 2468 1334 2536 sedulus

149 2605 216 2659 crat
235 2593 297 2659 hoc
317 2593 465 2671 nomine,
490 2603 526 2656 ut
541 2602 629 2680 grato
649 2591 755 2656 annno
773 2590 854 2657 Maii·
865 2589 1036 2680 adspiciam
1055 2590 1245 2668 editionem,
1271 2613 1335 2679 qua

150 2738 243 2781 omne
276 2713 392 2781 codicis
423 2725 580 2802 punctum
610 2711 751 2793 sustulit}
780 2711 918 2801 denique
948 2709 1125 2800 spernenda
1154 2721 1227 2776 sunt
1253 2711 1334 2790 ista,

149 2834 321 2900 dummodo
335 2833 435 2924 probe
457 2846 621 2900 teneamus
637 2845 780 2898 nostrum
800 2856 867 2899 esse
886 2833 935 2898 ius
954 2832 1123 2899 sententias
1143 2829 1335 2920 distinguere

150 2968 245 3045 atque
264 2955 434 3036 dissecare,
459 2955 492 3021 id
512 2969 559 3022 cst
578 2978 778 3046 summopere
798 2954 940 3026 diffidere
959 2978 1123 3046 possumus
1150 2954 1277 3045 punctis
1300 2955 1335 3021 iu

149 3077 359 3156 editionibus,
380 3076 498 3166 qusibus
507 3076 641 3142 meliora
653 3075 843 3144 substituere
854 3075 1024 3156 debemus,
1042 3075 1137 3143 modo
1149 3099 1183 3148 re
1198 3099 1272 3142 sera
1285 3099 1335 3143 re·

151 3200 298 3264 stituatur
321 3199 457 3265 auctoris
468 3221 593 3264 manus.
642 3199 795 3265 Exaratus
814 3210 861 3265 est
884 3211 991 3275 autem
1004 3198 1101 3266 codex
1112 3199 1267 3288 scriptura
1278 3197 1336 3264 ad-

150 3344 188 3402 eo
211 3306 384 3400 continua,
408 3333 444 3386 ut
467 3320 517 3386 rel
545 3319 699 3385 vocabula
722 3342 787 3386 nuo
810 3332 919 3386 tenore
942 3333 1087 3400 exarata,
1112 3343 1176 3385 non
1199 3319 1342 3386 discreta

149 3453 335 3533 appareaut3
351 3439 405 3506 sed
423 3439 510 3505 haud
522 3441 586 3506 scio
608 3464 647 3507 an
667 3454 753 3508 recte
765 3441 867 3508 Maius
885 3441 985 3508 hocce
996 3441 1158 3532 proprium
1176 3438 1335 3530 quoddam

150 3564 425 3654 palimpsestorum
453 3562 613 3651 posuerit,
645 3559 801 3651 siquidem
823 3561 884 3629 hac
915 3563 950 3626 in
981 3585 1014 3628 re
1038 3573 1172 3628 nonest
1196 3583 1253 3626 cur
1283 3584 1336 3626 eos

152 3707 168 3749 a
200 3684 311 3750 ceteris
342 3681 502 3748 codicibus
535 3680 676 3748 eiusdem
699 3683 809 3749 aetatis
840 3682 1088 3778 distinguamus,
1126 3683 1181 3771 qui
1211 3683 1337 3749 fauente

150 3806 277 3871 fortuna
299 3803 443 3892 rescripti
465 3825 530 3867 non
550 3814 636 3868 sunt.
683 3798 813 3869 Constat
832 3815 939 3869 autem
956 3802 1125 3892 Virgilium
1145 3803 1338 3869 Vaticanum

152 3925 208 3991 N⁰.
236 3928 343 4004 3867,
370 3923 447 3991 Silr.
469 3923 535 3990 tab.
562 3927 626 4004 60,
647 3924 772 3990 saeculo
793 3937 906 4014 quarto
926 3925 1049 3991 rusticis
1070 3925 1252 3992 maiusculis
1271 3948 1338 3992 csse

152 4060 329 4126 exaratum,
359 4046 414 4136 qui
437 4059 473 4112 ut
493 4045 643 4135 Virgilius
668 4044 831 4111 Mediceus
845 4069 897 4113 mc
913 4047 1024 4113 saltem
1039 4045 1143 4114 iudice
1162 4070 1208 4113 er
1227 4044 1338 4112 eodem

153 4191 228 4236 aero
249 4169 295 4234 ita
318 4179 365 4233 est
388 4169 541 4258 scriptus,
566 4179 601 4232 ut
625 4166 748 4256 singula
771 4168 924 4234 vocabula
946 4170 1073 4258 punctis
1097 4181 1313 4240 secernantur.

198 4291 394 4357 Punctorum
424 4290 586 4356 mentione
623 4290 707 4355 facta
738 4291 880 4380 sequitur
912 4304 947 4357 ut
978 4289 1017 4357 de
1045 4291 1112 4356 aliis
1148 4289 1338 4380 quibusdam

154 4412 276 4491 dicam,
296 4434 377 4501 quae
389 4410 523 4478 litterae:
544 4434 567 4476 u
584 4411 794 4502 suprascripta
806 4412 852 4478 nil
869 4412 991 4478 faciunt
1011 4410 1140 4478 adeam
1157 4410 1339 4480 discernen-

154 4532 226 4598 dam
250 4557 267 4598 a
294 4545 486 4599 consonante
509 4532 650 4599 eiusdem
674 4533 809 4614 formae,
835 4557 910 4599 nam
932 4533 1021 4599 nulla
1044 4533 1213 4624 excogitari
1236 4548 1339 4624 potest
1451 4541 1452 4544 ’

153 4656 260 4744 regula
281 4667 334 4720 aut
354 4667 438 4721 corta
451 4656 540 4720 ratio.
591 4655 659 4723 Nec
678 4658 832 4746 perspicio
853 4680 909 4723 cur
921 4657 1035 4723 littera:
1060 4677 1077 4722 t
1097 4679 1337 4746 nonnumquam
