2946 5182
165 354 226 416 144
594 375 623 420 c.
650 372 760 420 murus
784 371 919 419 ricron.

159 545 253 631 quale
280 545 320 608 sit
343 546 405 608 «in
428 566 464 608 ea
489 544 692 631 quaestione,
718 564 799 630 quae
821 552 960 607 versatur
978 543 1011 606 in
1032 541 1164 629 negotiis
1184 539 1353 623 civilibus;

159 663 262 728 civilia
286 677 390 731 autem
414 665 540 754 negotia
563 687 646 742 esse,
673 686 753 752 quae
777 663 866 728 nulla
890 674 956 728 arte
977 662 1104 752 propria
1120 663 1353 742 continentur,

157 782 210 847 sed
252 808 361 851 earum
403 808 510 852 rerum
544 797 714 851 tractatum
747 783 886 862 habent,
923 805 1005 872 quae
1031 783 1278 874 perficiuntur
1315 806 1354 849 ex

156 904 305 993 opinione
339 907 502 973 communi
537 918 593 971 aut
626 904 750 995 legibus
785 916 840 970 aut
861 905 1002 972 moribus
1014 928 1048 983 ,»
1072 903 1169 983 dixit,
1193 905 1231 971 ni
1254 903 1354 971 fallor

148 1027 444 1113 prrtficeseuntur,
469 1039 505 1092 ut
530 1025 676 1091 librarius
699 1023 797 1091 dedit.

198 1146 328 1213 Minoris
350 1149 504 1213 momenti
528 1158 574 1211 est
597 1143 672 1210 ibid.
694 1168 724 1210 v.
752 1148 793 1210 18
817 1146 918 1212 forma
943 1146 1041 1224 dein,
1065 1144 1351 1213 ubicodexhabet

152 1257 255 1348 deiri,
287 1266 319 1332 id
351 1279 398 1332 cst
430 1264 574 1342 deinde,
601 1278 636 1330 ut
660 1277 744 1331 recte
766 1263 864 1331 edidit
887 1264 989 1331 lllaius
1012 1289 1045 1355 p.
1074 1269 1136 1330 198
1163 1287 1191 1330 r.
1221 1269 1288 1345 34,
1316 1290 1350 1357 p.

155 1395 220 1456 203
245 1413 275 1454 v.
302 1393 342 1466 5,
368 1400 429 1453 cet.
465 1444 468 1449 ,

195 1509 314 1576 Contra
352 1508 469 1574 lineola
503 1509 626 1575 litterae
654 1533 684 1599 p
719 1508 891 1575 adhaerens
926 1508 1004 1574 item
1038 1507 1191 1574 editorem
1227 1507 1348 1575 fefellit

147 1633 265 1697 mirum
286 1631 320 1695 in
344 1628 474 1694 modum
499 1626 578 1718 Gap.
611 1628 644 1695 ΙΙ
670 1653 702 1719 p.
731 1632 796 1694 199
820 1652 848 1694 r.
875 1632 910 1709 53
932 1641 1074 1694 versatur
1094 1628 1202 1694 rhetor
1226 1629 1263 1694 in
1288 1651 1348 1696 ea·

146 1755 212 1842 pita
234 1751 275 1817 de
298 1762 451 1839 asystato,
482 1748 568 1838 quod
598 1749 705 1816 thema
736 1750 1006 1816 circumstantiam
1037 1772 1101 1814 non
1133 1748 1252 1829 habet,
1285 1735 1348 1816 ubi

146 1874 340 1939 demonstrat
362 1874 396 1938 in
420 1872 563 1961 exemplo
585 1870 723 1960 quodam
746 1894 876 1960 «quam
900 1893 978 1936 sero
1001 1884 1034 1937 et
1053 1894 1112 1960 per
1128 1879 1211 1960 quot
1222 1871 1346 1960 gradus

146 2007 276 2062 rentum
300 1994 339 2058 sit
362 1991 402 2056 ad
428 2005 545 2058 statum
568 1991 601 2056 id
624 2005 670 2058 est
692 1995 728 2059 τὸ
748 1992 956 2074 territorium»
974 2005 1045 2058 tum
1064 2004 1135 2082 post
1154 2005 1347 2061 accuratum

145 2137 257 2180 causae
280 2112 508 2202 expositionem
531 2111 675 2178 subiicit:
702 2136 723 2176 r<
735 2113 949 2198 Quintilianus
970 2112 1048 2179 dicit
1052 2115 1231 2204 primitus
1247 2114 1345 2181 iure·

144 2236 206 2300 niri
225 2247 361 2313 statum,
392 2234 418 2298 si
441 2234 589 2323 cogites»
613 2233 693 2312 alia,
723 2257 805 2323 quae
828 2257 915 2301 nunc
937 2235 1051 2314 mitto,
1076 2256 1151 2300 nam
1175 2225 1345 2322 quianon

143 2355 232 2422 ridet
254 2367 339 2421 recte
363 2355 521 2443 scripsisse
544 2354 709 2420 librarium
725 2355 935 2447 promtius?

187 2477 290 2543 Versu
325 2479 369 2542 20
403 2475 503 2542 eiusd.
537 2500 611 2567 pag.
648 2476 783 2566 legitur:
809 2477 1011 2566 «quoditie
1034 2478 1216 2544 confessum
1241 2492 1343 2559 est,»

143 2608 175 2660 at
206 2596 241 2660 in
272 2594 400 2662 codice:
435 2599 499 2660 «dr
525 2594 548 2660 h
572 2596 749 2662 confessum
774 2609 866 2676 est»,
892 2595 924 2662 id
948 2606 1105 2662 astruet
1128 2599 1191 2662 hoc
1213 2619 1289 2665 ce.
1304 2622 1345 2678 ,»

141 2716 227 2805 quod
256 2717 380 2784 etiamsi
409 2715 522 2783 eodem
544 2717 672 2797 redeat,
693 2730 843 2796 nonest,
869 2739 927 2783 cur
946 2740 1012 2783 uon
1033 2718 1154 2785 Victori
1168 2718 1340 2788 reddetur.

185 2837 262 2927 Pag.
294 2841 361 2904 200
385 2861 415 2903 r.
442 2841 462 2902 2
488 2835 567 2926 (lap.
592 2837 641 2903 III
666 2841 684 2922 §
709 2841 729 2903 2
753 2838 919 2927 utriusque
942 2840 989 2905 rei
1010 2838 1107 2905 habes
1130 2839 1343 2931 exemplum,

140 2971 249 3024 notam
277 2957 349 3025 dico
371 2957 496 3025 litterae
513 2982 543 3049 p
566 2959 651 3024 male
674 2959 808 3039 lectam,
833 2982 1028 3049 quamquam
1051 2981 1157 3027 sensus
1178 2981 1248 3026 non
1272 2961 1341 3029 dit-

140 3079 215 3158 fert3
246 3091 292 3144 est
320 3080 499 3170 exemplum
529 3080 643 3170 plenae
678 3082 897 3148 coniecturae:
928 3080 1122 3172 «despondit
1148 3079 1252 3149 filiam
1276 3107 1340 3173 pe·

138 3200 220 3264 tenti
247 3213 355 3288 pater,
388 3201 572 3267 exclamarit
602 3214 705 3267 mater
721 3206 846 3292 potius
865 3225 948 3280 esse,
974 3214 1010 3267 ut
1032 3202 1205 3281 moriatur,
1232 3225 1338 3291 quarn

139 3331 176 3383 ut
205 3318 253 3383 illi
280 3318 401 3397 nubat,
430 3318 509 3385 obiit
532 3320 661 3409 puella,
687 3333 764 3402 cet.;
777 3346 798 3387 »
820 3323 989 3414 litteraep
1009 3322 1221 3412 superscripta
1245 3336 1295 3390 est
1323 3329 1340 3390 i

138 3461 212 3504 cum
235 3439 328 3530 signo
353 3441 583 3507 terminationis
607 3465 668 3521 us,
693 3441 726 3506 id
749 3454 796 3508 ett
811 3448 933 3535 prius.
1031 3501 1040 3517 ,

184 3561 323 3628 Litterae
346 3586 369 3651 q
392 3562 593 3653 superaddita
616 3566 632 3627 i
654 3563 811 3653 signifieat
834 3569 912 3654 qui,
936 3589 1000 3631 non
1020 3571 1121 3654 quis,
1145 3578 1181 3631 ut
1197 3567 1233 3633 iu
1254 3568 1338 3637 Maii

138 3679 275 3749 editione
305 3683 422 3773 legitur
454 3683 531 3774 Gap.
563 3684 612 3750 III
644 3687 662 3769 §
695 3691 731 3750 3:
781 3685 858 3765 «Is,
892 3690 972 3774 quis
1001 3709 1038 3753 ex
1060 3687 1133 3751 fano
1156 3691 1336 3777 pecuniam

138 3799 313 3893 subripuit,
339 3803 379 3869 ad
401 3828 537 3894 poenam
560 3805 781 3895 deposcitur,>›
804 3818 890 3872 recte
910 3805 1335 3902 Orelliusemendaritpro·

138 3944 255 3988 nomeu
280 3948 312 4013 p.
339 3928 401 3990 201
428 3950 459 3993 r.
492 3930 532 3992 15
544 3976 554 4006 ,
578 3949 652 3992 nam
677 3925 812 3992 alterum
835 3949 1010 4016 pronomen
1034 3928 1140 3995 addita
1165 3952 1182 3993 s
1204 3932 1336 4022 signifi.

137 4057 229 4110 catur
259 4046 293 4110 in
321 4045 451 4126 codice,
485 4061 522 4114 ut
550 4048 629 4117 ibid.
661 4073 690 4115 v.
723 4052 765 4114 26
788 4060 854 4143 «ὐῐ
878 4049 905 4114 si
922 4049 993 4138 quis
1016 4048 1100 4116 dicat
1111 4075 1146 4130 ,>›
1170 4074 1238 4139 quo
1257 4054 1335 4123 loeo

136 4178 256 4254 puncta
287 4180 460 4256 apparent,
494 4169 607 4259 qulbus
640 4169 774 4236 delenda
802 4183 875 4236 sunt
905 4170 1000 4236 rerba
1022 4176 1177 4260 siquis,
1202 4175 1334 4247 etiamsi

138 4300 259 4354 retenta
283 4310 347 4352 non
371 4288 545 4357 offendunt.
592 4323 593 4326 ¹

182 4408 334 4488 Rhetori,
365 4410 420 4499 qui
448 4411 506 4478 sibi
529 4414 633 4502 placet
656 4418 688 4480 in
713 4439 772 4480 usu
796 4416 1004 4495 coniunctivi,
1034 4417 1120 4483 hunc
1143 4418 1232 4484 verbi
1256 4444 1332 4487 mo-

137 4531 214 4597 dum
243 4530 409 4597 reddamus
438 4533 507 4598 ead.
541 4558 612 4624 pag.
637 4561 664 4602 r.
692 4540 753 4615 41,
780 4537 835 4602 ubi
858 4537 975 4602 lineola
999 4537 1118 4606 Maium
1142 4540 1269 4628 fugerat
1294 4545 1330 4609 in

137 4652 202 4718 his:
239 4676 310 4720 <ran
333 4654 482 4744 profanus
506 4656 564 4736 sit,
591 4659 646 4746 qui
670 4659 743 4724 talia
769 4661 1034 4726 somniaverit.»
