2926 5182
154 366 215 428 152
581 381 610 426 e.
636 380 747 429 rursus
771 381 902 429 vrorou.

146 564 276 641 propter
305 574 401 640 quam
434 551 621 619 donaturum
653 565 685 618 et
707 577 740 618 se
762 554 828 642 ipse
851 575 915 617 non
938 551 1034 619 fuerit
1053 574 1180 641 passus:
1207 565 1285 633 aut,
1312 552 1340 619 si

146 685 271 762 praeter
305 672 365 737 alia
400 695 511 738 causae
546 673 773 753 instrumenta,
811 672 936 740 adiiciet
970 697 1007 738 er
1039 672 1214 740 abundanti
1250 673 1339 741 hanc

147 815 274 882 quoque
300 794 508 859 conscientiae
536 817 610 860 suae
641 793 828 860 fiduciam.»
869 795 944 879 Quis
966 817 1031 859 non
1054 793 1139 860 videt
1162 817 1239 860 cum
1263 819 1339 862 cor·

145 927 266 980 rectore
289 914 524 981 rescribendum
549 915 693 981 futurum
710 913 907 1004 patietur?

191 1032 419 1125 Compendiosa
461 1037 614 1124 scriptura
648 1058 890 1124 nonnumquam
924 1035 1106 1124 ambiguam
1140 1036 1337 1102 sententiam

142 1157 281 1245 peperit,
318 1157 361 1222 sie
396 1169 538 1222 nostrum
573 1169 619 1222 est
650 1157 810 1235 indicare,
846 1178 886 1220 an
910 1156 1012 1221 Maius
1035 1168 1119 1222 recte
1143 1155 1337 1244 explicuerit

74 1277 77 1282 ’
142 1274 274 1340 verbum
306 1254 444 1339 sinibus
475 1273 552 1339 ibid.
580 1276 597 1359 §
624 1277 664 1353 8,
689 1297 760 1364 pag.
788 1277 856 1340 229
881 1298 910 1339 r.
939 1277 1000 1339 11:
1027 1273 1336 1364 «quemadmodum

140 1397 174 1460 in
205 1395 352 1482 syllabis,
385 1417 466 1484 quae
495 1394 700 1461 scribentium
728 1395 951 1484 cogitationem
978 1417 1042 1460 non
1065 1396 1214 1484 erigrmt,
1240 1396 1266 1461 si
1292 1398 1333 1462 sit

140 1539 214 1580 usus
245 1528 277 1581 et
306 1515 520 1594 consuetudo,
550 1517 593 1581 sic
625 1517 657 1580 in
689 1516 887 1580 oratoribus
919 1528 1029 1605 sponte
1052 1514 1209 1605 quaedam
1233 1539 1333 1606 argu-

138 1649 319 1702 mentorum
347 1636 479 1702 facultas
510 1636 636 1702 dicendi
664 1636 714 1701 rel
742 1635 900 1700 scribendi
930 1635 1158 1702 consuetudine
1185 1637 1271 1703 ultro
1298 1663 1333 1704 se

138 1758 320 1824 necessariis
339 1757 416 1823 locis
441 1757 588 1822 offerat.»
616 1756 721 1821 Iamsi
739 1756 1092 1846 oratoribaslegatur,
1114 1758 1253 1824 offendet
1267 1764 1330 1840 in,
1359 1817 1362 1825 .

138 1881 285 1970 equidem
316 1880 387 1969 lego
411 1879 639 1943 orationibus.
688 1878 817 1942 Prorsus
841 1876 953 1943 eodem
976 1878 1070 1944 modo
1090 1878 1152 1944 hoc
1172 1902 1331 1970 compen·

136 1986 230 2067 dium¹
260 2001 379 2090 explico
412 1998 490 2088 Gap.
528 1997 654 2075 XXVI,
679 2020 751 2086 pag.
778 2001 842 2062 265
867 2021 897 2064 r.
924 2002 988 2077 23,
1013 1999 1069 2063 ubi
1100 1999 1227 2064 editur:
1255 2023 1330 2066 «ex

139 2122 338 2188 oratoribus
368 2120 474 2185 aliisve
503 2121 624 2208 scriptis
649 2119 841 2197 sententiae,
866 2119 891 2183 si
916 2119 986 2184 loco
1009 2119 1229 2209 proferuntur,
1258 2144 1329 2187 ser·

136 2266 263 2309 monem
296 2253 561 2306 convenustant.»

181 2363 397 2453 llxpnngenda
427 2374 473 2429 est
504 2361 686 2427 coniunctio
709 2358 787 2450 Cap.
806 2361 873 2440 IX,
901 2385 971 2451 pag.
997 2366 1061 2428 232
1084 2386 1128 2428 vs.
1155 2366 1218 2442 db,
1240 2372 1327 2451 quae

135 2484 218 2550 male
241 2485 383 2573 irrepsit:
434 2483 534 2549 «Hoc
555 2484 580 2548 si
603 2483 683 2548 nolis
706 2483 822 2548 inferre
845 2495 877 2548 et
900 2484 1015 2548 inferas
1034 2484 1085 2563 id,
1108 2484 1192 2573 quod
1214 2487 1328 2574 sequi·

135 2619 206 2671 tur:
233 2606 307 2672 fecit
330 2605 427 2694 igitur
449 2606 622 2678 incestum,
649 2604 711 2691 [et]
740 2603 929 2669 concluseris
953 2606 1303 2694 argumentationem.»

181 2727 262 2793 Tum
292 2728 325 2792 in
357 2727 413 2804 iis,
439 2748 519 2814 quae
543 2725 648 2789 statim
673 2737 848 2812 sequuntur
871 2724 1094 2813 compendium
1114 2726 1198 2792 male
1220 2727 1324 2794 intel·

133 2851 252 2917 lectum
290 2846 418 2912 ver'bum
452 2846 526 2912 fecit
550 2870 567 2911 e
591 2845 803 2923 substantivo,
828 2869 857 2910 v.
887 2848 945 2911 18:
995 2847 1131 2930 «Quare
1155 2848 1188 2911 in
1217 2848 1326 2938 longis

134 2966 458 3060 argumentationibus
487 2989 525 3031 er
556 2965 765 3032 conductione
800 2978 854 3030 aut
888 2989 925 3032 er
959 2968 1116 3031 contrario
1148 2968 1325 3057 complecti

134 3103 269 3181 oportet;
302 3090 336 3153 in
366 3087 512 3152 brevibus
528 3087 574 3172 id
606 3086 726 3166 solum,
760 3087 846 3176 quod
876 3087 1044 3152 conficitur
1067 3110 1237 3178 exponere
1246 3112 1260 3169 ,·
1288 3093 1322 3157 in

134 3213 202 3290 his,
237 3211 270 3274 in
305 3207 418 3296 quibus
453 3208 551 3272 exitus
585 3209 768 3297 perspicuus
796 3221 857 3287 est,
890 3208 1111 3275 consecutione
1133 3210 1219 3275 uti.»
1244 3209 1323 3277 Non

881 3299 890 3337 t

134 3365 232 3421 exstat
255 3352 288 3416 in
312 3349 435 3416 codice:
475 3330 623 3440 expone,
649 3374 757 3416 verum
781 3374 933 3442 expone,
958 3351 991 3415 id
1015 3363 1061 3415 est
1085 3357 1320 3442 expositione.

179 3460 247 3525 Hac
276 3457 385 3523 eadem
412 3457 526 3546 pagina
558 3480 586 3521 v.
619 3461 660 3522 25
685 3458 908 3548 compendium
931 3461 978 3526 bis
998 3460 1179 3549 neglectum
1203 3459 1322 3527 ablati·

134 3606 209 3649 rum
238 3604 295 3671 pro
328 3579 504 3646 accusativo
535 3580 657 3669 peperit
688 3578 766 3669 Gap.
800 3580 847 3660 X,
875 3583 908 3646 in
932 3581 1175 3670 enthymematis
1201 3580 1322 3647 defini-

134 3706 238 3782 tione,
261 3725 322 3791 qua
347 3701 426 3766 «rel
448 3700 583 3790 primam
605 3701 850 3790 propositionem
872 3704 1043 3792 praeterire
1066 3701 1194 3780 licebit,
1219 3726 1321 3793 prop-

134 3839 220 3891 terea
244 3822 328 3912 quod
351 3824 417 3912 ipsa
440 3834 565 3887 tantum
588 3823 841 3911 praesumptione
864 3824 975 3890 iudicis
998 3823 1048 3889 rel
1068 3823 1218 3888 auditoris
1238 3846 1320 3889 con·

134 3959 221 4012 tenta
252 3968 317 4010 esse
348 3943 481 4032 poterit,
510 3955 542 4007 et
566 3943 642 4006 sola
666 3946 938 4008 ratiocinatione
960 3945 1104 4033 exsequi,
1128 3956 1160 4009 et
1184 3945 1321 4010 conclu·

134 4069 254 4134 sionem
281 4063 487 4153 superaddere
514 4063 562 4128 vel
583 4076 667 4129 certe
690 4064 924 4130 conclusionem
946 4066 1166 4154 praemittere,
1189 4077 1221 4129 et
1244 4089 1320 4132 sen·

135 4189 219 4254 sibus
242 4186 353 4252 iudicis
377 4185 426 4264 id,
452 4184 536 4274 quod
561 4186 762 4253 ratiocinatus
777 4199 843 4265 est,
864 4185 1076 4275 colligendum
1099 4186 1319 4274 relinquere.»

134 4308 295 4376 Librarius
315 4305 400 4372 dedit
413 4287 488 4371 sola
512 4283 731 4372 reciniatione
738 4356 748 4386 ,
772 4305 803 4370 id
816 4317 861 4371 est
874 4306 982 4370 solam
995 4307 1316 4370 ratiocinationem.

181 4428 412 4519 Compendium
441 4429 573 4518 copulae
601 4438 634 4493 et
660 4452 717 4518 pro
741 4432 756 4491 i
769 4428 894 4517 ,aceepit
917 4425 1018 4491 editor
1037 4451 1069 4516 p.
1094 4425 1162 4491 ead.
1187 4450 1217 4491 v.
1245 4430 1315 4492 33:

135 4550 306 4618 «offendit
341 4571 433 4639 porro
471 4550 594 4614 iisdem
629 4548 808 4614 nominibus
844 4547 961 4613 utendo
995 4549 1116 4638 saepius
1148 4561 1178 4614 et
1202 4546 1316 4613 eadem

134 4673 319 4739 collectione
344 4670 545 4738 referendo.»
593 4671 722 4760 Legitur
744 4671 776 4735 in
801 4669 907 4737 codiee
931 4679 965 4734 et
989 4670 1109 4736 isdem.
