2926 5182
137 347 200 408 134
586 358 727 405 scironia
750 358 886 405 ruanrra

134 532 282 610 observa,
315 534 370 621 qui
398 554 471 596 curn
501 529 620 618 aGyro
644 544 805 597 teneretur
824 545 855 597 et
878 533 912 597 in
936 555 1064 598 crucem
1087 534 1250 600 tollendus
1276 559 1329 601 es-

136 669 198 735 set,
220 655 304 719 lilius
324 655 390 719 eius
403 653 588 719 exclamavit
599 666 631 719 et
644 653 739 719 dixit:
765 654 859 719 homo
872 678 904 719 es
918 652 1019 742 Cyre,
1041 678 1136 744 parce
1151 655 1333 744 homini⁷).

183 777 220 838 V.
247 779 324 841 329.
367 768 577 862 [Narcissi].
626 775 789 841 Narcissus
810 775 975 842 eunuchus
983 775 1009 863 ¹)
1031 776 1115 841 illius
1133 777 1330 867 temporis¹)

135 897 315 962 ditissimus.

182 1020 220 1083 V.
255 1023 332 1085 331.
382 1017 517 1082 Paruit
548 1021 724 1108 imperiis.
774 1018 975 1084 Messalinam
1006 1041 1136 1084 uxorem
1153 1017 1335 1106 Claudiiffl)

53 1160 57 1165 ·
134 1140 230 1219 dixit,
263 1162 344 1228 quae
374 1141 456 1205 vitae
487 1139 685 1228 turpissimae
709 1140 825 1204 exstitit
839 1140 880 1226 11)
913 1163 969 1205 suo
993 1141 1106 1204 marito
1119 1139 1184 1227 1’);
1213 1152 1247 1205 et
1270 1162 1334 1230 pa·

134 1262 197 1326 ruit
232 1260 272 1325 ad
306 1259 533 1336 occidendum,
569 1272 677 1324 utrum
708 1258 872 1326 Narcissus
901 1282 942 1325 an
975 1258 1145 1339 Claudius,
1179 1274 1218 1326 ut
1250 1260 1333 1326 hinc

134 1395 283 1473 appareat
303 1392 458 1471 quantum
481 1380 573 1446 illurn
596 1378 788 1467 dilexerit¹¹)
813 1381 995 1470 imperator.

482 1620 669 1689 SGHOLIA
694 1621 752 1687 ΑΙ)
776 1620 867 1689 Str.
895 1623 964 1687 XV.

180 1865 219 1931 V.
246 1870 278 1930 3.
328 1863 498 1930 Saturam
532 1865 788 1955 serpentibus¹)
820 1865 904 1928 tota.
940 1863 1003 1929 Ibis
1026 1863 1124 1953 avis2)
1150 1877 1220 1944 est,
1245 1888 1333 1954 quae

133 1990 167 2053 in
189 1985 331 2076 Aegypto
352 1985 548 2074 serpentibus
566 1986 706 2074 pascitur
729 2036 820 2050 .....
832 1985 858 2072 3)
878 1997 909 2050 et
930 1984 1137 2074 crocodillo¹)
1157 1986 1327 2074 inim[icu]

134 2122 181 2175 est
207 2158 316 2173 .....
328 2104 354 2193 ⁵)
379 2106 416 2173 er
440 2128 503 2194 quo
523 2105 685 2171 basiliscus
706 2108 845 2172 nascitur
854 2104 902 2193 8);
925 2105 992 2172 ibin
1013 2120 1119 2172 autem
1140 2106 1327 2196 Aegyptifi]

135 2230 263 2306 colunt,
301 2225 386 2316 quod
421 2227 460 2291 sit
487 2226 645 2314 inimi[ca]
679 2226 895 2316 serpentibus,
931 2251 1005 2292 narn
1026 2227 1117 2294 Nilus
1142 2227 1330 2318 Aegyptum

134 2353 229 2417 etiam
261 2348 457 2438 serpentibus
486 2347 637 2427 inundat,
668 2347 746 2413 haec
778 2361 882 2414 autem
915 2350 978 2413 aris
1011 2371 1104 2414 omne
1135 2371 1235 2437 genus
1261 2371 1330 2415 ser·

134 2485 267 2562 pentum
294 2469 442 2547 devorat,
466 2470 562 2534 etiarn
588 2469 718 2558 aspides.

181 2593 219 2655 V.
248 2597 276 2656 5.
325 2589 484 2655 Dimidio
506 2593 662 2679 magicae
682 2600 849 2654 resonant
871 2591 992 2655 ubi'm.
1019 2615 1070 2667 c.‚
1095 2588 1127 2653 id
1152 2602 1199 2654 est
1220 2589 1328 2655 Mem-

133 2713 224 2779 nonis
237 2712 262 2800 ⁷)
300 2724 402 2776 statua
433 2710 587 2775 citharam
600 2708 625 2797 ¹)
654 2721 769 2796 ¹tenens
803 2712 895 2774 certis
925 2710 1010 2775 horis
1042 2708 1205 2790 cantabat;
1239 2708 1329 2775 hanc

135 2832 339 2921 cambysest)
376 2833 465 2896 iussit
493 2830 607 2918 aperiri
632 2831 810 2894 existimans
832 2829 999 2896 machinae
1009 2832 1049 2912 10)
1084 2828 1204 2918 aliquid
1234 2853 1308 2913 esse
1319 2881 1327 2910 ,

82 3013 85 3023 .
135 2955 219 3045 quod
242 2956 325 3019 intra
350 2964 486 3017 statuam
509 2950 635 3030 lateret;
662 2949 867 3015 nihilomiuus
892 2964 999 3041 aperta
1012 2964 1134 3030 statua,
1160 2973 1244 3039 quae
1258 2964 1330 3018 crat

133 3078 255 3165 magice
269 3075 308 3162 ¹¹)
342 3085 541 3151 consecrata,
567 3073 659 3138 certis
682 3072 767 3138 horis
791 3097 904 3138 sonum
927 3073 1063 3139 reddidit
1077 3071 1138 3160 ¹¹),
1169 3072 1241 3138 ideo
1270 3074 1329 3139 di-

133 3194 252 3260 midio'
274 3193 306 3258 id
325 3206 371 3259 est
388 3194 547 3283 aperto¹¹l
570 3206 601 3260 et
621 3193 728 3259 diviso.
756 3194 891 3279 Quidem
906 3194 1054 3259 dimidio
1068 3193 1110 3258 m'
1132 3193 1245 3259 dicunt
1258 3194 1306 3283 (¹¹)
1317 3245 1326 3275 ,

133 3316 173 3382 ad
209 3315 393 3405 Memnona,
413 3315 602 3392 referentes,
639 3315 714 3402 quia
748 3315 803 3402 qui
839 3316 883 3380 sic
918 3315 1049 3404 legunt,
1083 3327 1218 3380 statuam
1257 3317 1327 3381 eius

135 3489 293 3505 .......
310 3436 349 3525 ¹¹)
385 3435 506 3500 faciunt
544 3435 734 3522 ..¹·⁵)
779 3448 885 3501 autem
922 3436 1054 3501 chordas
1075 3434 1114 3524 ¹¹)
1153 3459 1202 3500 res
1238 3439 1329 3504 euim

134 3608 259 3629 ......
299 3558 511 3646 Pythagoram
524 3554 586 3643 ¹⁷),
620 3557 674 3644 qui
710 3557 742 3621 in
780 3555 923 3646 Aegypto
956 3557 1112 3645 perceptis
1147 3555 1327 3646 disciplinis

132 3685 228 3749 etiam
238 3680 277 3768 18)
302 3679 425 3768 magica
448 3690 514 3770 arte
537 3677 710 3767 plurimum
735 3679 843 3744 valuit.

129 3875 316 3893 Μ

170 3961 201 4031 7)
229 3976 292 4029 pare
320 3967 347 4012 et
374 3954 486 4010 bomani.
546 3956 575 4024 8)
603 3950 677 4005 illius
708 3970 832 4007 eunucus.
890 3956 920 4025 9)
949 3963 1084 4029 tempores.
1145 3956 1193 4024 10)
1221 3952 1328 4010 Claudi.

133 4057 182 4124 11)
201 4052 302 4106 ertitet.
343 4053 391 4121 12)
413 4049 462 4103 sub
482 4046 586 4103 morito.
624 4050 672 4117 13)
691 4045 766 4101 illam
786 4046 915 4102 dileseret.

170 4150 200 4218 1)
231 4146 340 4201 satiram
366 4141 548 4217 serpentebus,
577 4143 642 4197 item
670 4160 738 4195 mcc.
786 4144 816 4212 2)
839 4160 903 4196 aves.
952 4144 981 4212 3)
1007 4149 1093 4215 pascet
1122 4149 1257 4198 rentemta
1278 4146 1327 4216 (1).

133 4250 163 4318 l)
202 4239 348 4297 corcodillo.
407 4240 437 4308 5)
475 4247 569 4290 untur
597 4239 646 4309 (2).
705 4238 734 4306 6)
760 4234 899 4309 basylissus
923 4243 1053 4288 nascetur.
1114 4239 1143 4307 7)
1167 4240 1326 4293 Memnones.

132 4344 162 4413 8)
181 4337 323 4393 cethuram.
363 4335 393 4403 9)
412 4331 550 4385 Camhesis.
589 4333 637 4401 10)
657 4329 768 4404 apperiri
784 4329 937 4384 existemans
951 4327 1097 4385 mechense.
1138 4330 1326 4405 11)magioae.

132 4438 180 4506 12)
201 4430 327 4487 reddedit.
367 4433 415 4501 13)
434 4438 547 4502 apporto.
587 4430 635 4498 11)
655 4424 873 4479 sumanrbest....
903 4425 951 4493 15)
965 4442 1066 4481 ancnen
1086 4429 1134 4498 (1).
1165 4426 1325 4499 temerans.

133 4532 180 4600 17)
201 4545 277 4582 enem
296 4523 328 4578 ad
347 4532 469 4578 outonem
490 4530 623 4576 auctomas
642 4528 803 4594 pytagoram.
842 4520 890 4588 18)
910 4518 999 4571 eciam.

171 4701 210 4772 (¹)
240 4700 321 4757 llaius
339 4697 371 4754 de
389 4716 448 4768 sno,
468 4694 546 4771 prael.
567 4700 642 4765 xlx,
662 4693 771 4767 quidum
789 4689 931 4748 dimidium
950 4714 1001 4749 non
1020 4692 1132 4749 dimidio
1152 4692 1254 4767 legunt.
