<?xml version="1.0" encoding="UTF-8"?>
<!DOCTYPE html PUBLIC "-//W3C//DTD XHTML 1.0 Transitional//EN"
    "http://www.w3.org/TR/xhtml1/DTD/xhtml1-transitional.dtd">
<html xmlns="http://www.w3.org/1999/xhtml" xml:lang="en" lang="en">
 <head>
  <title>
</title>
<meta http-equiv="Content-Type" content="text/html;charset=utf-8" />
  <meta name='ocr-system' content='tesseract 3.04.00' />
  <meta name='ocr-capabilities' content='ocr_page ocr_carea ocr_par ocr_line ocrx_word'/>
</head>
<body>
  <div class='ocr_page' id='page_1' title='image "./schedaevaticana01rieugoog_0051.png"; bbox 0 0 2946 5182; ppageno 0'>
   <div class='ocr_carea' id='block_1_1' title="bbox 151 355 955 418">
    <p class='ocr_par' dir='ltr' id='par_1_1' title="bbox 151 355 955 418">
     <span class='ocr_line' id='line_1_1' title="bbox 151 355 955 418; baseline 0 -2"><span class='ocrx_word' id='word_1_1' title='bbox 151 355 193 416; x_wconf 82' lang='lat'><strong>32</strong></span> <span class='ocrx_word' id='word_1_2' title='bbox 524 366 643 417; x_wconf 83' lang='lat' dir='ltr'><strong>crcrno</strong></span> <span class='ocrx_word' id='word_1_3' title='bbox 668 369 710 416; x_wconf 82' lang='lat' dir='ltr'><strong>nr</strong></span> <span class='ocrx_word' id='word_1_4' title='bbox 735 370 777 416; x_wconf 82' lang='lat' dir='ltr'><strong>ar</strong></span> <span class='ocrx_word' id='word_1_5' title='bbox 801 370 955 418; x_wconf 76' lang='lat' dir='ltr'><strong>normes.</strong></span> 
     </span>
    </p>
   </div>
   <div class='ocr_carea' id='block_1_2' title="bbox 64 534 1339 1960">
    <p class='ocr_par' dir='ltr' id='par_1_2' title="bbox 64 534 1339 1960">
     <span class='ocr_line' id='line_1_2' title="bbox 194 534 1339 630; baseline 0.001 -24"><span class='ocrx_word' id='word_1_6' title='bbox 194 537 276 606; x_wconf 89' lang='lat' dir='ltr'><strong>Ibid.</strong></span> <span class='ocrx_word' id='word_1_7' title='bbox 329 534 513 604; x_wconf 73' lang='lat' dir='ltr'><em>Consiliis,</em></span> <span class='ocrx_word' id='word_1_8' title='bbox 563 535 712 604; x_wconf 79' lang='lat' dir='ltr'><strong>Oorrecta</strong></span> <span class='ocrx_word' id='word_1_9' title='bbox 746 551 793 605; x_wconf 89' lang='lat' dir='ltr'><strong>est</strong></span> <span class='ocrx_word' id='word_1_10' title='bbox 825 541 946 630; x_wconf 78' lang='lat' dir='ltr'>primae</span> <span class='ocrx_word' id='word_1_11' title='bbox 975 563 1089 607; x_wconf 89' lang='lat' dir='ltr'><strong>manus</strong></span> <span class='ocrx_word' id='word_1_12' title='bbox 1121 558 1252 607; x_wconf 81' lang='lat' dir='ltr'><strong>cottsurs</strong></span> <span class='ocrx_word' id='word_1_13' title='bbox 1284 563 1339 607; x_wconf 54' lang='lat' dir='ltr'><strong>sua</strong></span> 
     </span>
     <span class='ocr_line' id='line_1_3' title="bbox 64 656 1338 751; baseline 0.002 -25"><span class='ocrx_word' id='word_1_14' title='bbox 64 656 68 664; x_wconf 73' lang='grc'><em>’</em></span> <span class='ocrx_word' id='word_1_15' title='bbox 146 657 370 751; x_wconf 86' lang='lat' dir='ltr'><strong>perscribendo</strong></span> <span class='ocrx_word' id='word_1_16' title='bbox 400 677 432 725; x_wconf 88' lang='lat'><strong>11.</strong></span> <span class='ocrx_word' id='word_1_17' title='bbox 459 658 579 725; x_wconf 82' lang='lat' dir='ltr'><strong>deletae</strong></span> <span class='ocrx_word' id='word_1_18' title='bbox 609 658 733 725; x_wconf 82' lang='lat' dir='ltr'><strong>litterae</strong></span> <span class='ocrx_word' id='word_1_19' title='bbox 759 681 798 738; x_wconf 92' lang='lat' dir='ltr'><strong>u,</strong></span> <span class='ocrx_word' id='word_1_20' title='bbox 832 659 916 726; x_wconf 88' lang='lat' dir='ltr'><strong>unde</strong></span> <span class='ocrx_word' id='word_1_21' title='bbox 944 661 1087 750; x_wconf 90' lang='lat' dir='ltr'><strong>sequitur</strong></span> <span class='ocrx_word' id='word_1_22' title='bbox 1109 661 1275 728; x_wconf 87' lang='lat' dir='ltr'><strong>librarium</strong></span> <span class='ocrx_word' id='word_1_23' title='bbox 1299 665 1338 729; x_wconf 88' lang='lat' dir='ltr'><strong>iu</strong></span> 
     </span>
     <span class='ocr_line' id='line_1_4' title="bbox 147 779 1337 870; baseline 0.002 -22"><span class='ocrx_word' id='word_1_24' title='bbox 147 781 256 848; x_wconf 91' lang='lat' dir='ltr'><strong>codice</strong></span> <span class='ocrx_word' id='word_1_25' title='bbox 284 804 379 870; x_wconf 89' lang='lat' dir='ltr'><strong>quem</strong></span> <span class='ocrx_word' id='word_1_26' title='bbox 408 779 650 847; x_wconf 81' lang='lat' dir='ltr'><strong>describendum</strong></span> <span class='ocrx_word' id='word_1_27' title='bbox 676 780 736 846; x_wconf 91' lang='lat' dir='ltr'><strong>sibi</strong></span> <span class='ocrx_word' id='word_1_28' title='bbox 764 794 938 862; x_wconf 86' lang='lat' dir='ltr'><strong>sumserat,</strong></span> <span class='ocrx_word' id='word_1_29' title='bbox 969 782 1055 848; x_wconf 87' lang='lat' dir='ltr'><strong>heud</strong></span> <span class='ocrx_word' id='word_1_30' title='bbox 1086 783 1130 848; x_wconf 92' lang='lat' dir='ltr'><strong>ita</strong></span> <span class='ocrx_word' id='word_1_31' title='bbox 1160 796 1245 850; x_wconf 90' lang='lat' dir='ltr'><strong>recte</strong></span> <span class='ocrx_word' id='word_1_32' title='bbox 1268 783 1337 850; x_wconf 86' lang='lat' dir='ltr'><strong>dis-</strong></span> 
     </span>
     <span class='ocr_line' id='line_1_5' title="bbox 145 900 1335 990; baseline 0 -20"><span class='ocrx_word' id='word_1_33' title='bbox 145 903 272 970; x_wconf 79' lang='lat' dir='ltr'><strong>tinxisse</strong></span> <span class='ocrx_word' id='word_1_34' title='bbox 294 901 350 967; x_wconf 87' lang='lat' dir='ltr'><strong>has</strong></span> <span class='ocrx_word' id='word_1_35' title='bbox 372 902 511 981; x_wconf 81' lang='lat' dir='ltr'><strong>litteras,</strong></span> <span class='ocrx_word' id='word_1_36' title='bbox 539 900 625 968; x_wconf 89' lang='lat' dir='ltr'><strong>idem</strong></span> <span class='ocrx_word' id='word_1_37' title='bbox 648 903 734 967; x_wconf 88' lang='lat' dir='ltr'><strong>enim</strong></span> <span class='ocrx_word' id='word_1_38' title='bbox 750 901 858 968; x_wconf 93' lang='lat' dir='ltr'><strong>locum</strong></span> <span class='ocrx_word' id='word_1_39' title='bbox 879 902 992 969; x_wconf 90' lang='lat' dir='ltr'><strong>habuit</strong></span> <span class='ocrx_word' id='word_1_40' title='bbox 1016 906 1034 990; x_wconf 89' lang='lat'>§</span> <span class='ocrx_word' id='word_1_41' title='bbox 1057 907 1100 970; x_wconf 89' lang='grc'><strong>67</strong></span> <span class='ocrx_word' id='word_1_42' title='bbox 1124 903 1219 970; x_wconf 90' lang='lat' dir='ltr'><strong>huius</strong></span> <span class='ocrx_word' id='word_1_43' title='bbox 1236 904 1335 986; x_wconf 85' lang='lat' dir='ltr'><strong>libri,</strong></span> 
     </span>
     <span class='ocr_line' id='line_1_6' title="bbox 145 1022 1337 1114; baseline 0.001 -24"><span class='ocrx_word' id='word_1_44' title='bbox 145 1023 201 1090; x_wconf 92' lang='lat' dir='ltr'><strong>ubi</strong></span> <span class='ocrx_word' id='word_1_45' title='bbox 228 1046 285 1114; x_wconf 90' lang='lat' dir='ltr'><strong>pro</strong></span> <span class='ocrx_word' id='word_1_46' title='bbox 316 1046 383 1090; x_wconf 89' lang='lat' dir='ltr'><strong>voc.</strong></span> <span class='ocrx_word' id='word_1_47' title='bbox 409 1041 506 1088; x_wconf 80' lang='lat' dir='ltr'><strong>unsm</strong></span> <span class='ocrx_word' id='word_1_48' title='bbox 527 1033 614 1088; x_wconf 90' lang='lat' dir='ltr'><strong>recte</strong></span> <span class='ocrx_word' id='word_1_49' title='bbox 637 1022 761 1113; x_wconf 82' lang='lat' dir='ltr'><strong>scripsit</strong></span> <span class='ocrx_word' id='word_1_50' title='bbox 785 1023 970 1090; x_wconf 89' lang='lat' dir='ltr'><strong>emendator</strong></span> <span class='ocrx_word' id='word_1_51' title='bbox 994 1044 1121 1105; x_wconf 74' lang='lat' dir='ltr'><strong>creent,</strong></span> <span class='ocrx_word' id='word_1_52' title='bbox 1146 1037 1179 1091; x_wconf 90' lang='lat' dir='ltr'><strong>et</strong></span> <span class='ocrx_word' id='word_1_53' title='bbox 1200 1024 1275 1090; x_wconf 88' lang='lat' dir='ltr'><strong>libri</strong></span> <span class='ocrx_word' id='word_1_54' title='bbox 1299 1025 1337 1092; x_wconf 93' lang='lat' dir='ltr'><strong>II</strong></span> 
     </span>
     <span class='ocr_line' id='line_1_7' title="bbox 145 1145 1335 1236; baseline 0.001 -25"><span class='ocrx_word' id='word_1_55' title='bbox 145 1147 164 1231; x_wconf 62' lang='grc' dir='ltr'><strong>ς</strong></span> <span class='ocrx_word' id='word_1_56' title='bbox 200 1147 263 1224; x_wconf 86' lang='grc'><strong>31,</strong></span> <span class='ocrx_word' id='word_1_57' title='bbox 297 1145 354 1210; x_wconf 91' lang='lat' dir='ltr'><strong>ubi</strong></span> <span class='ocrx_word' id='word_1_58' title='bbox 382 1162 498 1209; x_wconf 76' lang='lat' dir='ltr'><strong>rernm</strong></span> <span class='ocrx_word' id='word_1_59' title='bbox 529 1153 708 1209; x_wconf 88' lang='lat' dir='ltr'><strong>correctum</strong></span> <span class='ocrx_word' id='word_1_60' title='bbox 731 1154 778 1209; x_wconf 90' lang='lat' dir='ltr'><strong>est</strong></span> <span class='ocrx_word' id='word_1_61' title='bbox 800 1145 834 1209; x_wconf 92' lang='lat' dir='ltr'><strong>in</strong></span> <span class='ocrx_word' id='word_1_62' title='bbox 858 1164 996 1212; x_wconf 75' lang='lat' dir='ltr'><strong>rerum.</strong></span> <span class='ocrx_word' id='word_1_63' title='bbox 1046 1146 1158 1236; x_wconf 84' lang='lat' dir='ltr'><strong>Itaque</strong></span> <span class='ocrx_word' id='word_1_64' title='bbox 1181 1146 1287 1212; x_wconf 87' lang='lat' dir='ltr'><strong>littera</strong></span> <span class='ocrx_word' id='word_1_65' title='bbox 1312 1165 1335 1212; x_wconf 84' lang='lat'><strong>1.</strong></span> 
     </span>
     <span class='ocr_line' id='line_1_8' title="bbox 143 1262 1335 1356; baseline 0 -24"><span class='ocrx_word' id='word_1_66' title='bbox 143 1278 262 1333; x_wconf 88' lang='lat' dir='ltr'><strong>ceteras</strong></span> <span class='ocrx_word' id='word_1_67' title='bbox 293 1286 441 1331; x_wconf 84' lang='lat' dir='ltr'><strong>mensure</strong></span> <span class='ocrx_word' id='word_1_68' title='bbox 467 1285 531 1329; x_wconf 93' lang='lat' dir='ltr'><strong>non</strong></span> <span class='ocrx_word' id='word_1_69' title='bbox 565 1262 733 1352; x_wconf 84' lang='lat' dir='ltr'><strong>superabat</strong></span> <span class='ocrx_word' id='word_1_70' title='bbox 754 1263 788 1328; x_wconf 93' lang='lat' dir='ltr'><strong>in</strong></span> <span class='ocrx_word' id='word_1_71' title='bbox 811 1263 940 1344; x_wconf 88' lang='lat' dir='ltr'><strong>codice,</strong></span> <span class='ocrx_word' id='word_1_72' title='bbox 972 1288 1067 1354; x_wconf 88' lang='lat' dir='ltr'><strong>quem</strong></span> <span class='ocrx_word' id='word_1_73' title='bbox 1094 1267 1196 1356; x_wconf 91' lang='lat' dir='ltr'><strong>prima</strong></span> <span class='ocrx_word' id='word_1_74' title='bbox 1217 1288 1335 1332; x_wconf 86' lang='lat' dir='ltr'><strong>manus</strong></span> 
     </span>
     <span class='ocr_line' id='line_1_9' title="bbox 143 1381 1336 1466; baseline 0 -15"><span class='ocrx_word' id='word_1_75' title='bbox 143 1398 216 1453; x_wconf 92' lang='lat' dir='ltr'><strong>ante</strong></span> <span class='ocrx_word' id='word_1_76' title='bbox 245 1384 353 1450; x_wconf 92' lang='lat' dir='ltr'><strong>oculos</strong></span> <span class='ocrx_word' id='word_1_77' title='bbox 384 1382 509 1463; x_wconf 82' lang='lat' dir='ltr'><strong>habuit3</strong></span> <span class='ocrx_word' id='word_1_78' title='bbox 532 1381 617 1449; x_wconf 91' lang='lat' dir='ltr'><strong>idem</strong></span> <span class='ocrx_word' id='word_1_79' title='bbox 640 1383 806 1451; x_wconf 80' lang='lat' dir='ltr'><strong>observare</strong></span> <span class='ocrx_word' id='word_1_80' title='bbox 828 1385 904 1451; x_wconf 88' lang='lat' dir='ltr'><strong>licet</strong></span> <span class='ocrx_word' id='word_1_81' title='bbox 925 1386 960 1451; x_wconf 92' lang='lat' dir='ltr'><strong>in</strong></span> <span class='ocrx_word' id='word_1_82' title='bbox 984 1385 1133 1452; x_wconf 88' lang='lat' dir='ltr'><strong>Sallustio</strong></span> <span class='ocrx_word' id='word_1_83' title='bbox 1154 1386 1336 1466; x_wconf 85' lang='lat' dir='ltr'><strong>Vaticano,</strong></span> 
     </span>
     <span class='ocr_line' id='line_1_10' title="bbox 141 1502 1335 1588; baseline 0 -16"><span class='ocrx_word' id='word_1_84' title='bbox 141 1509 175 1572; x_wconf 93' lang='lat' dir='ltr'><strong>in</strong></span> <span class='ocrx_word' id='word_1_85' title='bbox 202 1506 349 1575; x_wconf 90' lang='lat' dir='ltr'><strong>Terentio</strong></span> <span class='ocrx_word' id='word_1_86' title='bbox 373 1503 527 1569; x_wconf 85' lang='lat' dir='ltr'><strong>Vaticano</strong></span> <span class='ocrx_word' id='word_1_87' title='bbox 552 1502 609 1571; x_wconf 60' lang='grc' dir='ltr'><strong>ΝΟ.</strong></span> <span class='ocrx_word' id='word_1_88' title='bbox 639 1508 727 1571; x_wconf 88' lang='grc'><strong>3226</strong></span> <span class='ocrx_word' id='word_1_89' title='bbox 757 1517 789 1571; x_wconf 88' lang='lat' dir='ltr'><strong>et</strong></span> <span class='ocrx_word' id='word_1_90' title='bbox 813 1506 943 1573; x_wconf 91' lang='lat' dir='ltr'><strong>Lucano</strong></span> <span class='ocrx_word' id='word_1_91' title='bbox 967 1506 1111 1573; x_wconf 90' lang='lat' dir='ltr'><strong>Palatino</strong></span> <span class='ocrx_word' id='word_1_92' title='bbox 1139 1504 1196 1574; x_wconf 87' lang='lat' dir='ltr'><strong>N⁰.</strong></span> <span class='ocrx_word' id='word_1_93' title='bbox 1223 1510 1282 1588; x_wconf 82' lang='lat'><strong>243</strong></span> <span class='ocrx_word' id='word_1_94' title='bbox 1306 1509 1335 1573; x_wconf 87' lang='lat' dir='ltr'><strong>si</strong></span> 
     </span>
     <span class='ocr_line' id='line_1_11' title="bbox 141 1624 1334 1716; baseline 0 -22"><span class='ocrx_word' id='word_1_95' title='bbox 141 1630 205 1694; x_wconf 89' lang='lat' dir='ltr'><strong>iarn</strong></span> <span class='ocrx_word' id='word_1_96' title='bbox 232 1626 272 1693; x_wconf 91' lang='lat' dir='ltr'><strong>de</strong></span> <span class='ocrx_word' id='word_1_97' title='bbox 299 1624 415 1692; x_wconf 91' lang='lat' dir='ltr'><strong>codicis</strong></span> <span class='ocrx_word' id='word_1_98' title='bbox 445 1624 610 1715; x_wconf 78' lang='lat' dir='ltr'><strong>archetypi</strong></span> <span class='ocrx_word' id='word_1_99' title='bbox 637 1626 792 1716; x_wconf 89' lang='lat' dir='ltr'><strong>scriptura</strong></span> <span class='ocrx_word' id='word_1_100' title='bbox 825 1629 1041 1694; x_wconf 86' lang='lat' dir='ltr'><strong>coniecturam</strong></span> <span class='ocrx_word' id='word_1_101' title='bbox 1070 1628 1187 1708; x_wconf 87' lang='lat' dir='ltr'><strong>iacies,</strong></span> <span class='ocrx_word' id='word_1_102' title='bbox 1211 1628 1334 1694; x_wconf 85' lang='lat' dir='ltr'><strong>maius·</strong></span> 
     </span>
     <span class='ocr_line' id='line_1_12' title="bbox 140 1746 1332 1838; baseline -0.001 -22"><span class='ocrx_word' id='word_1_103' title='bbox 140 1749 220 1816; x_wconf 92' lang='lat' dir='ltr'><strong>culis</strong></span> <span class='ocrx_word' id='word_1_104' title='bbox 250 1772 324 1815; x_wconf 90' lang='lat' dir='ltr'><strong>eum</strong></span> <span class='ocrx_word' id='word_1_105' title='bbox 358 1759 520 1814; x_wconf 83' lang='lat' dir='ltr'><strong>exaratum</strong></span> <span class='ocrx_word' id='word_1_106' title='bbox 554 1746 649 1813; x_wconf 89' lang='lat' dir='ltr'><strong>fuisse</strong></span> <span class='ocrx_word' id='word_1_107' title='bbox 680 1759 819 1828; x_wconf 86' lang='lat' dir='ltr'><strong>statuas,</strong></span> <span class='ocrx_word' id='word_1_108' title='bbox 847 1761 884 1815; x_wconf 93' lang='lat' dir='ltr'><strong>ut</strong></span> <span class='ocrx_word' id='word_1_109' title='bbox 914 1761 977 1815; x_wconf 90' lang='lat' dir='ltr'><strong>tres</strong></span> <span class='ocrx_word' id='word_1_110' title='bbox 999 1749 1066 1829; x_wconf 88' lang='lat' dir='ltr'><strong>illi,</strong></span> <span class='ocrx_word' id='word_1_111' title='bbox 1097 1748 1153 1838; x_wconf 90' lang='lat' dir='ltr'><strong>qui</strong></span> <span class='ocrx_word' id='word_1_112' title='bbox 1175 1748 1252 1815; x_wconf 90' lang='lat' dir='ltr'><strong>item</strong></span> <span class='ocrx_word' id='word_1_113' title='bbox 1276 1772 1332 1816; x_wconf 92' lang='lat' dir='ltr'><strong>co-</strong></span> 
     </span>
     <span class='ocr_line' id='line_1_13' title="bbox 140 1868 1109 1960; baseline 0 -25"><span class='ocrx_word' id='word_1_114' title='bbox 140 1868 244 1938; x_wconf 87' lang='lat' dir='ltr'><strong>dicem</strong></span> <span class='ocrx_word' id='word_1_115' title='bbox 265 1868 432 1960; x_wconf 90' lang='lat' dir='ltr'><strong>politicum</strong></span> <span class='ocrx_word' id='word_1_116' title='bbox 456 1879 558 1934; x_wconf 87' lang='lat' dir='ltr'><strong>aetate</strong></span> <span class='ocrx_word' id='word_1_117' title='bbox 581 1881 746 1957; x_wconf 81' lang='lat' dir='ltr'><strong>superant3</strong></span> <span class='ocrx_word' id='word_1_118' title='bbox 772 1868 815 1935; x_wconf 89' lang='lat' dir='ltr'><strong>cf.</strong></span> <span class='ocrx_word' id='word_1_119' title='bbox 841 1869 923 1935; x_wconf 84' lang='lat' dir='ltr'><strong>inira</strong></span> <span class='ocrx_word' id='word_1_120' title='bbox 947 1868 988 1934; x_wconf 91' lang='lat' dir='ltr'><strong>ad</strong></span> <span class='ocrx_word' id='word_1_121' title='bbox 1011 1871 1030 1955; x_wconf 87' lang='lat'>§</span> <span class='ocrx_word' id='word_1_122' title='bbox 1056 1872 1109 1935; x_wconf 93' lang='grc'><strong>11.</strong></span> 
     </span>
    </p>
   </div>
   <div class='ocr_carea' id='block_1_3' title="bbox 139 2105 1331 2442">
    <p class='ocr_par' dir='ltr' id='par_1_3' title="bbox 139 2105 1331 2442">
     <span class='ocr_line' id='line_1_14' title="bbox 184 2105 1329 2201; baseline 0 -25"><span class='ocrx_word' id='word_1_123' title='bbox 184 2109 245 2176; x_wconf 88' lang='grc' dir='ltr'><strong>ΙΙΙ.</strong></span> <span class='ocrx_word' id='word_1_124' title='bbox 272 2111 291 2195; x_wconf 87' lang='lat'>§</span> <span class='ocrx_word' id='word_1_125' title='bbox 316 2113 349 2174; x_wconf 85' lang='lat'><strong>4.</strong></span> <span class='ocrx_word' id='word_1_126' title='bbox 397 2105 516 2195; x_wconf 84' lang='lat' dir='ltr'><strong>Neque</strong></span> <span class='ocrx_word' id='word_1_127' title='bbox 535 2107 700 2173; x_wconf 83' lang='lat' dir='ltr'><strong>salumin</strong></span> <span class='ocrx_word' id='word_1_128' title='bbox 720 2110 965 2178; x_wconf 79' lang='lat' dir='ltr'><strong>tantisrchus.</strong></span> <span class='ocrx_word' id='word_1_129' title='bbox 1003 2128 1091 2176; x_wconf 74' lang='lat' dir='ltr'><strong>«rit</strong></span> <span class='ocrx_word' id='word_1_130' title='bbox 1108 2122 1179 2201; x_wconf 91' lang='lat' dir='ltr'><strong>post</strong></span> <span class='ocrx_word' id='word_1_131' title='bbox 1200 2132 1329 2198; x_wconf 83' lang='lat' dir='ltr'><strong>oeque,</strong></span> 
     </span>
     <span class='ocr_line' id='line_1_15' title="bbox 139 2228 1331 2320; baseline 0 -22"><span class='ocrx_word' id='word_1_132' title='bbox 139 2229 254 2298; x_wconf 90' lang='lat' dir='ltr'><strong>deinde</strong></span> <span class='ocrx_word' id='word_1_133' title='bbox 275 2240 488 2320; x_wconf 81' lang='lat' dir='ltr'><strong>expunctum,</strong></span> <span class='ocrx_word' id='word_1_134' title='bbox 517 2249 601 2317; x_wconf 88' lang='lat' dir='ltr'><strong>quae</strong></span> <span class='ocrx_word' id='word_1_135' title='bbox 622 2228 684 2294; x_wconf 84' lang='lat' dir='ltr'><strong>luit</strong></span> <span class='ocrx_word' id='word_1_136' title='bbox 702 2228 885 2297; x_wconf 86' lang='lat' dir='ltr'><strong>metathesis</strong></span> <span class='ocrx_word' id='word_1_137' title='bbox 908 2235 962 2298; x_wconf 78' lang='grc' dir='ltr'><strong>τοῦ</strong></span> <span class='ocrx_word' id='word_1_138' title='bbox 983 2235 1076 2297; x_wconf 84' lang='lat' dir='ltr'><strong>ita.»</strong></span> <span class='ocrx_word' id='word_1_139' title='bbox 1100 2231 1213 2299; x_wconf 86' lang='lat' dir='ltr'><strong>Maius.</strong></span> <span class='ocrx_word' id='word_1_140' title='bbox 1242 2228 1331 2298; x_wconf 79' lang='lat' dir='ltr'><strong>Gon·</strong></span> 
     </span>
     <span class='ocr_line' id='line_1_16' title="bbox 139 2347 1331 2442; baseline 0 -24"><span class='ocrx_word' id='word_1_141' title='bbox 139 2353 278 2420; x_wconf 87' lang='lat' dir='ltr'><strong>iecturae</strong></span> <span class='ocrx_word' id='word_1_142' title='bbox 311 2348 483 2416; x_wconf 90' lang='lat' dir='ltr'><strong>doctissimi</strong></span> <span class='ocrx_word' id='word_1_143' title='bbox 507 2347 634 2415; x_wconf 87' lang='lat' dir='ltr'><strong>editoris</strong></span> <span class='ocrx_word' id='word_1_144' title='bbox 658 2349 753 2414; x_wconf 87' lang='lat' dir='ltr'><strong>aliam</strong></span> <span class='ocrx_word' id='word_1_145' title='bbox 779 2349 874 2417; x_wconf 88' lang='lat' dir='ltr'><strong>liceat</strong></span> <span class='ocrx_word' id='word_1_146' title='bbox 898 2373 1057 2442; x_wconf 89' lang='lat' dir='ltr'><strong>opponere</strong></span> <span class='ocrx_word' id='word_1_147' title='bbox 1081 2350 1331 2442; x_wconf 90' lang='lat' dir='ltr'><strong>probabiliorem</strong></span> 
     </span>
    </p>
   </div>
   <div class='ocr_carea' id='block_1_4' title="bbox 139 2469 1330 2564">
    <p class='ocr_par' dir='ltr' id='par_1_4' title="bbox 139 2469 1330 2564">
     <span class='ocr_line' id='line_1_17' title="bbox 139 2469 1330 2564; baseline 0.003 -25"><span class='ocrx_word' id='word_1_148' title='bbox 139 2473 264 2564; x_wconf 83' lang='lat' dir='ltr'><strong>opinor3</strong></span> <span class='ocrx_word' id='word_1_149' title='bbox 299 2470 429 2538; x_wconf 84' lang='lat' dir='ltr'><strong>offendit</strong></span> <span class='ocrx_word' id='word_1_150' title='bbox 460 2469 540 2535; x_wconf 88' lang='lat' dir='ltr'><strong>illud</strong></span> <span class='ocrx_word' id='word_1_151' title='bbox 576 2474 648 2550; x_wconf 82' lang='lat' dir='ltr'><strong>ita,</strong></span> <span class='ocrx_word' id='word_1_152' title='bbox 685 2470 770 2561; x_wconf 90' lang='lat' dir='ltr'><strong>quod</strong></span> <span class='ocrx_word' id='word_1_153' title='bbox 793 2495 858 2538; x_wconf 89' lang='lat' dir='ltr'><strong>non</strong></span> <span class='ocrx_word' id='word_1_154' title='bbox 882 2474 949 2540; x_wconf 90' lang='lat' dir='ltr'><strong>sine</strong></span> <span class='ocrx_word' id='word_1_155' title='bbox 978 2473 1120 2563; x_wconf 78' lang='lat' dir='ltr'><strong>longiore</strong></span> <span class='ocrx_word' id='word_1_156' title='bbox 1143 2472 1330 2542; x_wconf 79' lang='lat' dir='ltr'><strong>defensione</strong></span> 
     </span>
    </p>
   </div>
   <div class='ocr_carea' id='block_1_5' title="bbox 138 2592 1330 3387">
    <p class='ocr_par' dir='ltr' id='par_1_5' title="bbox 138 2592 1330 3387">
     <span class='ocr_line' id='line_1_18' title="bbox 141 2592 1330 2683; baseline 0.002 -21"><span class='ocrx_word' id='word_1_157' title='bbox 141 2593 286 2662; x_wconf 85' lang='lat' dir='ltr'><strong>Osannus</strong></span> <span class='ocrx_word' id='word_1_158' title='bbox 318 2593 450 2683; x_wconf 82' lang='lat' dir='ltr'><strong>recepit3</strong></span> <span class='ocrx_word' id='word_1_159' title='bbox 482 2604 514 2657; x_wconf 89' lang='lat' dir='ltr'><strong>at</strong></span> <span class='ocrx_word' id='word_1_160' title='bbox 545 2592 660 2658; x_wconf 90' lang='lat' dir='ltr'><strong>scimus</strong></span> <span class='ocrx_word' id='word_1_161' title='bbox 693 2592 859 2659; x_wconf 87' lang='lat' dir='ltr'><strong>librarium</strong></span> <span class='ocrx_word' id='word_1_162' title='bbox 884 2595 918 2658; x_wconf 92' lang='lat' dir='ltr'><strong>in</strong></span> <span class='ocrx_word' id='word_1_163' title='bbox 949 2593 1079 2683; x_wconf 90' lang='lat' dir='ltr'><strong>singulis</strong></span> <span class='ocrx_word' id='word_1_164' title='bbox 1102 2594 1168 2661; x_wconf 88' lang='lat' dir='ltr'><strong>fere</strong></span> <span class='ocrx_word' id='word_1_165' title='bbox 1195 2594 1330 2664; x_wconf 77' lang='lat' dir='ltr'><strong>dixerim</strong></span> 
     </span>
     <span class='ocr_line' id='line_1_19' title="bbox 138 2714 1330 2807; baseline 0 -25"><span class='ocrx_word' id='word_1_166' title='bbox 138 2715 342 2807; x_wconf 83' lang='lat' dir='ltr'><strong>paragraphis</strong></span> <span class='ocrx_word' id='word_1_167' title='bbox 374 2737 491 2805; x_wconf 87' lang='lat' dir='ltr'><strong>paucas</strong></span> <span class='ocrx_word' id='word_1_168' title='bbox 524 2714 644 2781; x_wconf 89' lang='lat' dir='ltr'><strong>litteras</strong></span> <span class='ocrx_word' id='word_1_169' title='bbox 672 2727 727 2780; x_wconf 89' lang='lat' dir='ltr'><strong>aut</strong></span> <span class='ocrx_word' id='word_1_170' title='bbox 757 2716 914 2782; x_wconf 81' lang='lat' dir='ltr'><strong>breviores</strong></span> <span class='ocrx_word' id='word_1_171' title='bbox 945 2739 1036 2782; x_wconf 87' lang='lat' dir='ltr'><strong>voces</strong></span> <span class='ocrx_word' id='word_1_172' title='bbox 1064 2717 1222 2796; x_wconf 88' lang='lat' dir='ltr'><strong>omisisse,</strong></span> <span class='ocrx_word' id='word_1_173' title='bbox 1248 2739 1330 2805; x_wconf 85' lang='lat' dir='ltr'><strong>quas</strong></span> 
     </span>
     <span class='ocr_line' id='line_1_20' title="bbox 140 2834 1327 2925; baseline -0.001 -21"><span class='ocrx_word' id='word_1_174' title='bbox 140 2849 298 2904; x_wconf 90' lang='lat' dir='ltr'><strong>corrector</strong></span> <span class='ocrx_word' id='word_1_175' title='bbox 320 2835 429 2903; x_wconf 91' lang='lat' dir='ltr'><strong>sedulo</strong></span> <span class='ocrx_word' id='word_1_176' title='bbox 452 2834 630 2924; x_wconf 83' lang='lat' dir='ltr'><strong>adscripsit3</strong></span> <span class='ocrx_word' id='word_1_177' title='bbox 665 2834 777 2922; x_wconf 90' lang='lat' dir='ltr'><strong>quidni</strong></span> <span class='ocrx_word' id='word_1_178' title='bbox 799 2856 954 2925; x_wconf 88' lang='lat' dir='ltr'><strong>ponamus</strong></span> <span class='ocrx_word' id='word_1_179' title='bbox 977 2859 1051 2902; x_wconf 90' lang='lat' dir='ltr'><strong>cum</strong></span> <span class='ocrx_word' id='word_1_180' title='bbox 1076 2837 1195 2902; x_wconf 89' lang='lat' dir='ltr'><strong>omissis</strong></span> <span class='ocrx_word' id='word_1_181' title='bbox 1215 2838 1327 2904; x_wconf 83' lang='lat' dir='ltr'><strong>solum</strong></span> 
     </span>
     <span class='ocr_line' id='line_1_21' title="bbox 140 2954 1328 3047; baseline 0.001 -24"><span class='ocrx_word' id='word_1_182' title='bbox 140 2963 179 3023; x_wconf 82' lang='lat' dir='ltr'><strong>in</strong></span> <span class='ocrx_word' id='word_1_183' title='bbox 209 2959 315 3024; x_wconf 89' lang='lat' dir='ltr'><strong>statim</strong></span> <span class='ocrx_word' id='word_1_184' title='bbox 347 2969 417 3047; x_wconf 90' lang='lat' dir='ltr'><strong>post</strong></span> <span class='ocrx_word' id='word_1_185' title='bbox 447 2977 555 3044; x_wconf 81' lang='lat' dir='ltr'><strong>oeque</strong></span> <span class='ocrx_word' id='word_1_186' title='bbox 584 2954 742 3044; x_wconf 89' lang='lat' dir='ltr'><strong>scripsisse</strong></span> <span class='ocrx_word' id='word_1_187' title='bbox 774 2973 912 3034; x_wconf 71' lang='lat' dir='ltr'><strong>raum,</strong></span> <span class='ocrx_word' id='word_1_188' title='bbox 948 2954 1001 3021; x_wconf 88' lang='lat' dir='ltr'><strong>sed</strong></span> <span class='ocrx_word' id='word_1_189' title='bbox 1032 2969 1197 3047; x_wconf 88' lang='lat' dir='ltr'><strong>perspecto</strong></span> <span class='ocrx_word' id='word_1_190' title='bbox 1220 2979 1328 3024; x_wconf 89' lang='lat' dir='ltr'><strong>errore</strong></span> 
     </span>
     <span class='ocr_line' id='line_1_22' title="bbox 140 3074 1330 3164; baseline 0.002 -22"><span class='ocrx_word' id='word_1_191' title='bbox 140 3077 312 3142; x_wconf 87' lang='lat' dir='ltr'><strong>substitisse</strong></span> <span class='ocrx_word' id='word_1_192' title='bbox 349 3077 383 3141; x_wconf 94' lang='lat' dir='ltr'><strong>in</strong></span> <span class='ocrx_word' id='word_1_193' title='bbox 420 3074 526 3141; x_wconf 91' lang='lat' dir='ltr'><strong>medio</strong></span> <span class='ocrx_word' id='word_1_194' title='bbox 560 3074 734 3155; x_wconf 80' lang='lat' dir='ltr'><strong>vocabulo,</strong></span> <span class='ocrx_word' id='word_1_195' title='bbox 776 3075 840 3140; x_wconf 91' lang='lat' dir='ltr'><strong>imo</strong></span> <span class='ocrx_word' id='word_1_196' title='bbox 871 3076 905 3141; x_wconf 92' lang='lat' dir='ltr'><strong>in</strong></span> <span class='ocrx_word' id='word_1_197' title='bbox 936 3075 1041 3142; x_wconf 89' lang='lat' dir='ltr'><strong>media</strong></span> <span class='ocrx_word' id='word_1_198' title='bbox 1075 3077 1180 3144; x_wconf 90' lang='lat' dir='ltr'><strong>littera</strong></span> <span class='ocrx_word' id='word_1_199' title='bbox 1215 3097 1256 3157; x_wconf 84' lang='lat' dir='ltr'><strong>rt,</strong></span> <span class='ocrx_word' id='word_1_200' title='bbox 1293 3090 1330 3164; x_wconf 80' lang='lat' dir='ltr'><strong>et</strong></span> 
     </span>
     <span class='ocr_line' id='line_1_23' title="bbox 140 3195 1328 3288; baseline 0 -24"><span class='ocrx_word' id='word_1_201' title='bbox 140 3199 185 3264; x_wconf 90' lang='lat' dir='ltr'><strong>sic</strong></span> <span class='ocrx_word' id='word_1_202' title='bbox 218 3209 338 3288; x_wconf 90' lang='lat' dir='ltr'><strong>puncta</strong></span> <span class='ocrx_word' id='word_1_203' title='bbox 372 3196 472 3262; x_wconf 87' lang='lat' dir='ltr'><strong>tribus</strong></span> <span class='ocrx_word' id='word_1_204' title='bbox 495 3197 560 3263; x_wconf 90' lang='lat' dir='ltr'><strong>istis</strong></span> <span class='ocrx_word' id='word_1_205' title='bbox 583 3195 754 3276; x_wconf 90' lang='lat' dir='ltr'><strong>addidisse,</strong></span> <span class='ocrx_word' id='word_1_206' title='bbox 780 3209 876 3288; x_wconf 87' lang='lat' dir='ltr'><strong>atque</strong></span> <span class='ocrx_word' id='word_1_207' title='bbox 898 3199 1007 3264; x_wconf 85' lang='lat' dir='ltr'><strong>solum</strong></span> <span class='ocrx_word' id='word_1_208' title='bbox 1037 3202 1075 3263; x_wconf 78' lang='lat' dir='ltr'><strong>irs</strong></span> <span class='ocrx_word' id='word_1_209' title='bbox 1103 3202 1217 3263; x_wconf 81' lang='lat' dir='ltr'><strong>tantis</strong></span> <span class='ocrx_word' id='word_1_210' title='bbox 1240 3210 1328 3266; x_wconf 90' lang='lat' dir='ltr'><strong>recte</strong></span> 
     </span>
     <span class='ocr_line' id='line_1_24' title="bbox 141 3319 363 3387; baseline -0.014 -1"><span class='ocrx_word' id='word_1_211' title='bbox 141 3319 363 3387; x_wconf 81' lang='lat' dir='ltr'><strong>subiunxissel</strong></span> 
     </span>
    </p>
   </div>
   <div class='ocr_carea' id='block_1_6' title="bbox 139 3558 1326 3895">
    <p class='ocr_par' dir='ltr' id='par_1_6' title="bbox 139 3558 1326 3895">
     <span class='ocr_line' id='line_1_25' title="bbox 188 3558 1326 3650; baseline -0.004 -20"><span class='ocrx_word' id='word_1_212' title='bbox 188 3567 206 3650; x_wconf 87' lang='lat'>§</span> <span class='ocrx_word' id='word_1_213' title='bbox 233 3569 265 3630; x_wconf 88' lang='lat'><strong>5.</strong></span> <span class='ocrx_word' id='word_1_214' title='bbox 291 3561 480 3628; x_wconf 80' lang='lat' dir='ltr'><strong>Dicuntur.</strong></span> <span class='ocrx_word' id='word_1_215' title='bbox 506 3558 644 3626; x_wconf 81' lang='lat' dir='ltr'><strong>Videant</strong></span> <span class='ocrx_word' id='word_1_216' title='bbox 665 3560 821 3626; x_wconf 87' lang='lat' dir='ltr'><strong>acutiores</strong></span> <span class='ocrx_word' id='word_1_217' title='bbox 844 3561 925 3628; x_wconf 89' lang='lat' dir='ltr'><strong>sitne</strong></span> <span class='ocrx_word' id='word_1_218' title='bbox 949 3559 1065 3627; x_wconf 91' lang='lat' dir='ltr'><strong>codicis</strong></span> <span class='ocrx_word' id='word_1_219' title='bbox 1088 3559 1182 3626; x_wconf 88' lang='lat' dir='ltr'><strong>lectio</strong></span> <span class='ocrx_word' id='word_1_220' title='bbox 1202 3559 1326 3626; x_wconf 81' lang='lat' dir='ltr'><strong>dicunt</strong></span> 
     </span>
     <span class='ocr_line' id='line_1_26' title="bbox 140 3682 1326 3773; baseline -0.003 -22"><span class='ocrx_word' id='word_1_221' title='bbox 140 3684 216 3751; x_wconf 89' lang='lat' dir='ltr'><strong>huic</strong></span> <span class='ocrx_word' id='word_1_222' title='bbox 247 3685 421 3751; x_wconf 78' lang='lat' dir='ltr'><strong>sententiae</strong></span> <span class='ocrx_word' id='word_1_223' title='bbox 451 3682 566 3773; x_wconf 87' lang='lat' dir='ltr'><strong>aptior;</strong></span> <span class='ocrx_word' id='word_1_224' title='bbox 598 3682 699 3748; x_wconf 88' lang='lat' dir='ltr'><strong>forma</strong></span> <span class='ocrx_word' id='word_1_225' title='bbox 729 3683 850 3772; x_wconf 88' lang='lat' dir='ltr'><strong>passira</strong></span> <span class='ocrx_word' id='word_1_226' title='bbox 873 3683 935 3749; x_wconf 91' lang='lat' dir='ltr'><strong>hoc</strong></span> <span class='ocrx_word' id='word_1_227' title='bbox 958 3683 1062 3773; x_wconf 89' lang='lat' dir='ltr'><strong>capite</strong></span> <span class='ocrx_word' id='word_1_228' title='bbox 1085 3682 1223 3748; x_wconf 89' lang='lat' dir='ltr'><strong>occurrit</strong></span> <span class='ocrx_word' id='word_1_229' title='bbox 1246 3704 1326 3748; x_wconf 89' lang='lat' dir='ltr'><strong>con-</strong></span> 
     </span>
     <span class='ocr_line' id='line_1_27' title="bbox 139 3802 928 3895; baseline 0 -23"><span class='ocrx_word' id='word_1_230' title='bbox 139 3805 275 3872; x_wconf 89' lang='lat' dir='ltr'><strong>iunctim</strong></span> <span class='ocrx_word' id='word_1_231' title='bbox 298 3827 372 3872; x_wconf 88' lang='lat' dir='ltr'><strong>cum</strong></span> <span class='ocrx_word' id='word_1_232' title='bbox 396 3809 416 3871; x_wconf 87' lang='grc'><strong>3</strong></span> <span class='ocrx_word' id='word_1_233' title='bbox 436 3827 519 3895; x_wconf 87' lang='lat' dir='ltr'><strong>pers.</strong></span> <span class='ocrx_word' id='word_1_234' title='bbox 544 3802 629 3894; x_wconf 89' lang='lat' dir='ltr'><strong>plur.</strong></span> <span class='ocrx_word' id='word_1_235' title='bbox 654 3803 774 3870; x_wconf 87' lang='lat' dir='ltr'><strong>formae</strong></span> <span class='ocrx_word' id='word_1_236' title='bbox 798 3804 928 3872; x_wconf 77' lang='lat' dir='ltr'><strong>activae.</strong></span> 
     </span>
    </p>
   </div>
   <div class='ocr_carea' id='block_1_7' title="bbox 140 4043 1327 4619">
    <p class='ocr_par' dir='ltr' id='par_1_7' title="bbox 140 4043 1327 4619">
     <span class='ocr_line' id='line_1_28' title="bbox 187 4043 1326 4136; baseline -0.003 -23"><span class='ocrx_word' id='word_1_237' title='bbox 187 4049 205 4133; x_wconf 88' lang='lat'>§</span> <span class='ocrx_word' id='word_1_238' title='bbox 231 4050 265 4114; x_wconf 88' lang='lat'><strong>6.</strong></span> <span class='ocrx_word' id='word_1_239' title='bbox 314 4045 444 4112; x_wconf 83' lang='lat' dir='ltr'><strong>Marii.</strong></span> <span class='ocrx_word' id='word_1_240' title='bbox 492 4043 656 4112; x_wconf 82' lang='lat' dir='ltr'><strong>Corrector</strong></span> <span class='ocrx_word' id='word_1_241' title='bbox 678 4045 843 4136; x_wconf 89' lang='lat' dir='ltr'><strong>adscripsit</strong></span> <span class='ocrx_word' id='word_1_242' title='bbox 865 4045 996 4112; x_wconf 86' lang='lat' dir='ltr'><strong>alteram</strong></span> <span class='ocrx_word' id='word_1_243' title='bbox 1016 4049 1049 4124; x_wconf 91' lang='lat' dir='ltr'><strong>i,</strong></span> <span class='ocrx_word' id='word_1_244' title='bbox 1074 4067 1156 4134; x_wconf 89' lang='lat' dir='ltr'><strong>quae</strong></span> <span class='ocrx_word' id='word_1_245' title='bbox 1174 4045 1240 4112; x_wconf 88' lang='lat' dir='ltr'><strong>iere</strong></span> <span class='ocrx_word' id='word_1_246' title='bbox 1258 4056 1326 4111; x_wconf 90' lang='lat' dir='ltr'><strong>tota</strong></span> 
     </span>
     <span class='ocr_line' id='line_1_29' title="bbox 140 4166 1327 4258; baseline -0.003 -23"><span class='ocrx_word' id='word_1_247' title='bbox 140 4168 267 4235; x_wconf 88' lang='lat' dir='ltr'><strong>latitans</strong></span> <span class='ocrx_word' id='word_1_248' title='bbox 299 4167 358 4234; x_wconf 88' lang='lat' dir='ltr'><strong>sub</strong></span> <span class='ocrx_word' id='word_1_249' title='bbox 390 4166 559 4258; x_wconf 74' lang='lat' dir='ltr'><strong>Augustini</strong></span> <span class='ocrx_word' id='word_1_250' title='bbox 589 4166 804 4233; x_wconf 67' lang='lat' dir='ltr'><strong>Adiutorium</strong></span> <span class='ocrx_word' id='word_1_251' title='bbox 833 4167 915 4257; x_wconf 88' lang='lat' dir='ltr'><strong>fugit</strong></span> <span class='ocrx_word' id='word_1_252' title='bbox 946 4166 995 4233; x_wconf 87' lang='lat' dir='ltr'><strong>rel</strong></span> <span class='ocrx_word' id='word_1_253' title='bbox 1024 4166 1218 4234; x_wconf 86' lang='lat' dir='ltr'><strong>acutissimos</strong></span> <span class='ocrx_word' id='word_1_254' title='bbox 1249 4166 1327 4232; x_wconf 83' lang='lat' dir='ltr'><strong>Maii</strong></span> 
     </span>
     <span class='ocr_line' id='line_1_30' title="bbox 141 4286 1326 4379; baseline -0.003 -21"><span class='ocrx_word' id='word_1_255' title='bbox 141 4291 260 4358; x_wconf 91' lang='lat' dir='ltr'><strong>oculos.</strong></span> <span class='ocrx_word' id='word_1_256' title='bbox 309 4288 415 4355; x_wconf 81' lang='lat' dir='ltr'><strong>Facile</strong></span> <span class='ocrx_word' id='word_1_257' title='bbox 446 4287 634 4379; x_wconf 89' lang='lat' dir='ltr'><strong>intelligitur</strong></span> <span class='ocrx_word' id='word_1_258' title='bbox 664 4288 781 4354; x_wconf 88' lang='lat' dir='ltr'><strong>multos</strong></span> <span class='ocrx_word' id='word_1_259' title='bbox 807 4288 892 4354; x_wconf 87' lang='lat' dir='ltr'><strong>locos</strong></span> <span class='ocrx_word' id='word_1_260' title='bbox 916 4299 1000 4355; x_wconf 89' lang='lat' dir='ltr'><strong>recte</strong></span> <span class='ocrx_word' id='word_1_261' title='bbox 1023 4287 1204 4356; x_wconf 90' lang='lat' dir='ltr'><strong>emendatos</strong></span> <span class='ocrx_word' id='word_1_262' title='bbox 1227 4286 1326 4354; x_wconf 86' lang='lat' dir='ltr'><strong>latere</strong></span> 
     </span>
     <span class='ocr_line' id='line_1_31' title="bbox 142 4408 1326 4500; baseline -0.005 -20"><span class='ocrx_word' id='word_1_263' title='bbox 142 4413 247 4480; x_wconf 91' lang='lat' dir='ltr'><strong>adhuc</strong></span> <span class='ocrx_word' id='word_1_264' title='bbox 270 4410 364 4477; x_wconf 88' lang='lat' dir='ltr'><strong>simili</strong></span> <span class='ocrx_word' id='word_1_265' title='bbox 382 4408 476 4476; x_wconf 92' lang='lat' dir='ltr'><strong>modo</strong></span> <span class='ocrx_word' id='word_1_266' title='bbox 500 4409 558 4475; x_wconf 89' lang='lat' dir='ltr'><strong>sub</strong></span> <span class='ocrx_word' id='word_1_267' title='bbox 579 4408 748 4500; x_wconf 81' lang='lat' dir='ltr'><strong>Augustini</strong></span> <span class='ocrx_word' id='word_1_268' title='bbox 771 4408 1022 4490; x_wconf 80' lang='lat' dir='ltr'><strong>Commentario,</strong></span> <span class='ocrx_word' id='word_1_269' title='bbox 1047 4410 1137 4476; x_wconf 88' lang='lat' dir='ltr'><strong>cuius</strong></span> <span class='ocrx_word' id='word_1_270' title='bbox 1160 4408 1206 4475; x_wconf 90' lang='lat' dir='ltr'><strong>rei</strong></span> <span class='ocrx_word' id='word_1_271' title='bbox 1228 4409 1326 4474; x_wconf 89' lang='lat' dir='ltr'><strong>ratio·</strong></span> 
     </span>
     <span class='ocr_line' id='line_1_32' title="bbox 141 4529 1325 4619; baseline -0.004 -17"><span class='ocrx_word' id='word_1_272' title='bbox 141 4559 215 4606; x_wconf 90' lang='lat' dir='ltr'><strong>nem</strong></span> <span class='ocrx_word' id='word_1_273' title='bbox 245 4533 385 4600; x_wconf 87' lang='lat' dir='ltr'><strong>habeant</strong></span> <span class='ocrx_word' id='word_1_274' title='bbox 419 4555 545 4600; x_wconf 88' lang='lat' dir='ltr'><strong>necesse</strong></span> <span class='ocrx_word' id='word_1_275' title='bbox 568 4543 614 4600; x_wconf 93' lang='lat' dir='ltr'><strong>est</strong></span> <span class='ocrx_word' id='word_1_276' title='bbox 638 4529 703 4609; x_wconf 89' lang='lat' dir='ltr'><strong>illi,</strong></span> <span class='ocrx_word' id='word_1_277' title='bbox 732 4530 788 4619; x_wconf 89' lang='lat' dir='ltr'><strong>qui</strong></span> <span class='ocrx_word' id='word_1_278' title='bbox 811 4530 980 4597; x_wconf 85' lang='lat' dir='ltr'><strong>correctori</strong></span> <span class='ocrx_word' id='word_1_279' title='bbox 1003 4529 1121 4598; x_wconf 90' lang='lat' dir='ltr'><strong>iudices</strong></span> <span class='ocrx_word' id='word_1_280' title='bbox 1144 4543 1177 4599; x_wconf 89' lang='lat' dir='ltr'><strong>et</strong></span> <span class='ocrx_word' id='word_1_281' title='bbox 1199 4530 1325 4597; x_wconf 87' lang='lat' dir='ltr'><strong>obtrec-</strong></span> 
     </span>
    </p>
   </div>
   <div class='ocr_carea' id='block_1_8' title="bbox 142 4657 476 4725">
    <p class='ocr_par' dir='ltr' id='par_1_8' title="bbox 142 4657 476 4725">
     <span class='ocr_line' id='line_1_33' title="bbox 142 4657 476 4725; baseline -0.006 -1"><span class='ocrx_word' id='word_1_282' title='bbox 142 4670 258 4725; x_wconf 88' lang='lat' dir='ltr'><strong>tatores</strong></span> <span class='ocrx_word' id='word_1_283' title='bbox 280 4657 476 4723; x_wconf 82' lang='lat' dir='ltr'><strong>exstiterunt.</strong></span> 
     </span>
    </p>
   </div>
   <div class='ocr_carea' id='block_1_9' title="bbox 0 0 1478 5182">
    <p class='ocr_par' dir='ltr' id='par_1_9' title="bbox 0 0 1478 5182">
     <span class='ocr_line' id='line_1_34' title="bbox 0 0 1478 5182; baseline 0 2"><span class='ocrx_word' id='word_1_284' title='bbox 0 0 1478 5182; x_wconf 95' lang='lat' dir='ltr'><strong> </strong></span> 
     </span>
    </p>
   </div>
  </div>
 </body>
</html>
