2946 5182
143 339 161 398 2
522 350 640 399 crcrnc
664 351 707 398 nn
732 351 773 398 nr
798 352 951 401 rcrrrca.

141 521 250 588 tulerit
274 519 471 587 doctissimus
504 520 638 609 lleysius
652 523 682 603 ¹,
715 524 771 613 qui
802 521 949 589 uberiore
979 522 1122 592 doctrina
1153 540 1185 593 et
1211 530 1331 595 maiore

141 642 403 735 palaeographiae
426 643 556 709 scientia
578 644 751 710 instructus
769 644 1009 735 palimpsestum
1022 647 1214 714 Vaticanum
1227 651 1329 717 revol-

141 789 217 832 vens
239 765 340 831 multa
362 764 517 831 invenerit
539 765 670 844 omissa,
704 788 763 831 nec
785 789 886 856 pauca
909 789 1076 858 perperam
1099 769 1182 835 lecta
1201 772 1328 857 restitu-

142 887 213 954 erit.
262 886 367 976 Igitur
381 886 445 952 iarn
462 883 520 952 diu
536 886 682 977 apparuit
704 885 883 975 legitimum
894 908 960 953 esse
978 886 1191 970 desidorium,
1211 891 1252 958 de
1264 915 1328 981 quc

141 1007 309 1086 dicebam,
342 1007 406 1074 sire
429 1003 639 1072 diffidentiam
665 1005 783 1084 maris,
815 1005 867 1071 cui
890 1005 1121 1074 occurrendum
1145 1032 1211 1077 esse
1234 1013 1327 1079 multi

143 1129 342 1206 clamarunt,
379 1149 473 1193 nemo
496 1125 536 1191 ad
558 1125 621 1193 hoc
643 1149 744 1217 usque
766 1137 892 1219 tempus
914 1126 1081 1194 subvenire
1104 1131 1228 1220 potuit,
1252 1155 1327 1199 nam

140 1271 199 1339 per
220 1251 324 1340 ipsum
347 1248 439 1314 illum
462 1248 602 1337 primum
626 1246 779 1314 editorem
802 1270 867 1314 non
890 1247 1019 1316 licebat.

186 1370 306 1437 Maium
329 1366 368 1434 de
391 1367 504 1433 litteris
522 1367 641 1457 optime
663 1367 814 1435 meritum
833 1391 899 1436 esse
922 1392 1030 1436 omnes
1049 1372 1271 1452 consentiunt,
1295 1385 1327 1440 et

139 1492 208 1558 iure
231 1489 522 1568 immortalitatem,
556 1487 708 1578 quamdin
729 1488 809 1555 haec
833 1502 939 1556 nostra
959 1489 1062 1557 studia
1088 1492 1325 1583 perdurabunt,

140 1611 225 1678 illius
247 1610 369 1677 nomini
392 1608 597 1700 praedicant,
629 1610 748 1700 quippe
772 1610 827 1701 qui
854 1609 1021 1677 studiosior
1039 1611 1195 1679 indefesso
1218 1613 1326 1682 labore

140 1733 287 1797 incitatus
327 1743 423 1821 atque
452 1730 631 1797 acutissima
666 1729 832 1795 oculorum
864 1730 931 1796 acie
958 1729 1119 1821 praeditus
1150 1732 1190 1798 ad
1220 1735 1326 1803 lucem

138 1853 325 1943 protraxerit
356 1872 566 1942 quaecunque
595 1850 714 1917 inedita
737 1851 770 1916 in
794 1850 913 1917 Italicis
945 1850 1150 1918 Bibliothecis
1176 1854 1324 1926 laterent.

139 1973 208 2040 Nec
242 1996 301 2063 ego
337 1971 512 2062 quidquam
535 1971 574 2038 de
598 1995 721 2037 summa
744 1971 828 2037 illius
851 1971 1025 2040 industriae
1048 1973 1143 2041 laude
1165 1974 1326 2045 detractu·

139 2117 192 2160 rus
216 2117 306 2171 sum,
331 2115 405 2157 nam
429 2114 511 2158 unus
534 2090 574 2158 de
596 2092 705 2182 paucis
728 2106 929 2182 perspectum
952 2093 1075 2173 habco,
1101 2096 1217 2185 quibus
1240 2097 1325 2165 diffi-

139 2213 311 2282 cultatibus
333 2211 428 2302 longe
450 2211 665 2302 gravioribus,
690 2235 788 2301 quam
806 2212 900 2303 vulgo
920 2212 1079 2294 creditur,
1103 2231 1324 2304 premerentur

138 2336 223 2403 illius
245 2334 394 2414 labores;
420 2356 531 2401 rerum
553 2331 616 2400 hoc
638 2355 759 2413 unum,
785 2332 870 2423 quod
893 2356 1017 2401 summo
1036 2336 1103 2403 riro
1126 2337 1236 2422 obiicit
1258 2338 1325 2407 his„

139 2457 219 2524 toria
250 2478 356 2522 rerum
387 2452 618 2542 hominumque
641 2476 766 2521 severus
784 2453 896 2533 iudex,
927 2478 992 2522 non
1019 2457 1177 2538 reticebo,
1201 2460 1324 2529 etiamsi

137 2575 255 2668 pudeat
286 2596 458 2666 sanequam
490 2573 670 2641 ambitionis
703 2573 875 2642 invidiosae
906 2576 1027 2644 crimen
1059 2577 1107 2643 illi
1137 2577 1232 2659 dare,
1264 2604 1325 2650 nec

136 2699 300 2777 iecissem,
330 2697 390 2765 nisi
421 2709 549 2787 propter
579 2696 664 2763 banc
688 2696 790 2786 ipsam
821 2718 948 2763 causam
975 2697 1144 2766 incertiora
1171 2700 1324 2782 fuissent,

137 2842 349 2909 quaecunque
380 2818 439 2885 riri
467 2816 553 2883 docti
580 2817 753 2885 laborarint
781 2818 816 2883 in
847 2817 923 2910 Maii
946 2819 1095 2909 operibus
1119 2820 1325 2890 emendandis

137 2940 345 3030 edendisquc.
401 2937 514 3005 Aditus
541 2939 627 3006 enim
658 2937 698 3004 ad
729 2937 872 3019 codices,
902 2940 959 3029 qui
988 2940 1072 3008 illius
1102 2941 1199 3032 ipsius
1227 2966 1324 3034 opera

136 3060 293 3128 desierant
312 3057 435 3126 Inedita
455 3059 638 3139 continere,
661 3057 909 3127 interdicebatur
927 3083 946 3125 a
964 3061 1125 3128 fortunato
1145 3062 1324 3132 Bibliothe-

137 3206 193 3250 cae
212 3182 390 3257 Praefecto.
415 3181 442 3247 si
464 3181 498 3246 in
517 3193 603 3248 rastc
627 3181 782 3248 Vaticano
804 3180 952 3249 thesauro
976 3197 1159 3265 serrantur,
1179 3185 1227 3251 sin
1249 3208 1325 3253 rero

138 3305 172 3370 in
207 3303 276 3369 aliis
314 3301 430 3369 Museis
469 3301 624 3369 reconditi
654 3302 815 3383 latebant,
847 3302 934 3370 haud
964 3305 1008 3371 ita
1036 3305 1177 3373 feliciore
1206 3320 1324 3374 erentu

137 3427 298 3515 inquirere
322 3435 468 3512 poterant
489 3423 619 3490 studiosi
638 3423 807 3491 deficiente
829 3424 1041 3492 bibliothecae
1067 3425 1261 3495 indicatione
1281 3429 1323 3495 li·

137 3547 306 3614 brorumre
321 3567 474 3623 numero,
492 3567 587 3634 quern
600 3543 639 3611 de
650 3545 830 3636 proposito,
846 3558 883 3612 ut
900 3546 1100 3636 quorundam
1118 3548 1180 3615 fert
1195 3549 1321 3638 opinio,

137 3670 325 3747 reticuerat,
350 3689 426 3732 nam
445 3664 501 3731 ubi
521 3665 675 3733 codicum>
688 3665 737 3732 illi
759 3665 922 3733 excidisset
945 3667 1102 3759 quaedam
1113 3668 1304 3757 significatio
1310 3721 1321 3752 ,

138 3789 233 3880 rulgc
256 3811 395 3856 errorem
418 3787 576 3877 irrepsisse
597 3787 757 3877 frequenti
779 3787 972 3878 experientia
994 3787 1124 3855 edoctus
1146 3812 1228 3857 sum

187 3914 228 3978 Et
263 3909 340 4000 quid
376 3932 492 3999 quaeso
523 3909 622 3976 felicis
652 3921 813 3976 tantarum
848 3932 954 3978 rerum
977 3910 1149 3977 inventoris
1170 3911 1323 3979 intererat

137 4033 262 4122 copiam
296 4029 372 4096 dare
403 4029 488 4096 nolle
510 4030 565 4110 iis,
591 4031 646 4120 qui
671 4028 885 4097 emendatiora
910 4028 1014 4097 adbuc
1035 4028 1129 4098 edere
1151 4032 1248 4099 etiam
1272 4046 1322 4100 at-

139 4176 202 4243 que
224 4153 320 4219 etiam
354 4150 543 4241 cupiebant,
576 4173 658 4240 quae
685 4151 751 4241 ipse
774 4152 890 4240 passim
920 4151 1089 4218 confitetur
1116 4175 1150 4219 sc
1177 4152 1322 4221 nondum

137 4275 276 4366 perlecta
300 4273 333 4338 in
356 4271 461 4340 lucem
483 4271 642 4350 emisisse3
668 4293 725 4336 nos
741 4270 827 4337 enim
850 4293 978 4350 omnes,
1004 4272 1060 4362 qui
1078 4271 1190 4341 iisdem
1209 4273 1323 4342 litteris

134 4491 280 4505 ann—-

173 4572 206 4666 1)Ι
217 4581 317 4661 Polybii
339 4590 436 4645 Hister.
458 4592 585 4657 Execrptc
603 4590 721 4656 gnomicn
743 4593 770 4641 in
790 4589 905 4655 palimps.
924 4591 1007 4644 Vatic.
1021 4592 1148 4645 LXXIII.
1166 4594 1235 4659 nug.
1256 4596 1319 4648 Maii

138 4689 203 4739 curis
219 4685 345 4748 resignato
362 4677 505 4730 retractavit
521 4675 619 4726 mooe.
633 4675 733 4739 Herse,
751 4683 786 4726 4⁰.
804 4676 874 4728 Berl.
886 4681 958 4727 1846.
