2946 5182
511 363 630 412 clenno
654 363 698 410 nn
722 367 763 412 RE
790 367 944 415 Pussttct.

220 532 400 623 philosophi
606 556 773 616 mosem,
818 540 958 603 cernitur
992 539 1158 635 vestigium
1194 540 1328 610 litterae

587 745 600 784 h
650 658 755 723 nescio
780 658 869 723 euius
894 682 987 749 supra
1012 672 1182 751 utramque
1206 682 1240 729 n.

219 800 268 865 his
604 819 633 866 1s

219 988 265 1041 est
603 993 673 1038 etst

835 1094 839 1102 .
852 1095 856 1103 .
872 1095 876 1103 .
912 1073 926 1104 Α
956 1074 967 1106 s

218 1117 409 1184 doctoribus.
467 1117 553 1201 Quae
600 1114 1054 1208 doctontssusquequeenenm

260 1251 306 1305 est
330 1239 415 1303 enim

607 1338 618 1364 0

214 1382 313 1448 oratio
597 1399 698 1445 nino

215 1578 295 1644 quae
319 1557 358 1620 sit
599 1578 630 1643 q
658 1507 704 1619 stT
778 1554 810 1619 id
834 1568 880 1621 est
904 1580 969 1645 que
995 1564 1034 1636 1,
1059 1582 1148 1646 quae
1173 1564 1205 1626 2.

211 1729 280 1794 iure
598 1703 675 1794 mne
784 1728 815 1794 d.
840 1753 857 1793 e

212 1849 368 1939 Equidem
389 1847 394 1938 Ι
416 1871 528 1937 quem·
594 1872 627 1938 p.
654 1853 729 1914 125.

257 1969 428 2034 admodum

208 2113 389 2201 imperiosas
594 2132 819 2179 mnenlosttsn
913 2113 945 2180 d.
972 2133 990 2177 T

592 2244 613 2271 ut

207 2286 317 2352 viculis
594 2306 688 2352 cums

207 2459 288 2523 duco
594 2418 657 2530 ‘duco

602 2574 615 2620 t

207 2633 245 2696 ad
270 2654 342 2720 opes
592 2656 713 2725 nopes
828 2636 860 2700 d.
888 2655 905 2699 Τ

672 2761 693 2795 ils
816 2760 830 2792 B

183 2811 319 2877 consiliis
329 2809 528 2875 etlaboribns
588 2826 949 2875 consutsemuomnus
1027 2805 1059 2869 d.
1083 2817 1225 2896 utraque
1248 2833 1272 2876 u

206 2933 410 2999 ivolnntetem
590 2927 820 3001 iuonul’mnen
957 2953 989 3018 p.
1022 2931 1093 2992 126.

207 3107 267 3171 init
586 3057 665 3168 itum
827 3103 859 3167 d.
887 3124 907 3167 n

660 3237 671 3263 Θ

202 3301 306 3367 neque
330 3302 367 3344 ea
589 3300 714 3368 nequet

199 3453 405 3543 processerint
583 3429 840 3521 nenecessenmn
933 3451 963 3514 d.
988 3452 1090 3540 prima
1115 3473 1132 3515 e

605 3632 726 3726 Caput
750 3633 809 3699 ΙΙΙ.

107 3822 167 3904 §ln
193 3819 365 3883 rationibus
581 3835 802 3882 Tntnlonlnns
911 3814 943 3878 d.
970 3815 1117 3905 priores

195 3938 369 4004 illustribus
578 3956 793 4003 Intustnlnus

195 4057 378 4151 republica
578 4076 650 4125 nen.
701 4056 754 4124 Sic
786 4070 966 4123 constanter
997 4079 1105 4120 omnes
1130 4077 1225 4123 casus
1251 4061 1310 4128 lit·

617 4194 684 4246 tera
709 4200 740 4246 Ρ.
767 4180 986 4270 significantur
1009 4188 1139 4267 excepto
1160 4181 1310 4266 genitivo

619 4301 756 4392 plurali,
781 4313 812 4367 et
838 4301 864 4365 l.
893 4303 910 4384 §
936 4303 977 4364 43
1001 4321 1065 4363 non
1089 4296 1157 4363 sine
1182 4322 1307 4384 eausa,

619 4423 645 4486 I.
673 4426 690 4506 §
717 4427 757 4487 45
784 4423 884 4486 rebus
901 4421 1080 4511 publim‘s;
1104 4442 1170 4486 non
1192 4421 1308 4493 lubuit

618 4542 680 4608 hoe
703 4540 814 4610 notaie
837 4545 870 4610 in
895 4543 1024 4632 singulis
1047 4542 1138 4609 loeis

190 4666 453 4757 impedimentum
574 4662 819 4736 lnnedtnennun
