2946 5182
536 359 656 407 CICERO
681 359 724 405 DE
749 357 790 403 RE
814 356 970 405 Poenico.

270 526 593 596 Lacedaemoniorum

268 705 404 771 Theseus

266 826 386 915 aliquot

265 946 378 1013 seculis

262 1066 342 1133 Nam
363 1065 369 1156 Ι
389 1089 493 1155 neque

262 1188 412 1254 exstitisse

261 1367 429 1455 quisquam
494 1365 552 1429 ali-

305 1485 431 1575 qnando

255 1971 366 2036 fuisset

258 2211 372 2276 collata

254 2409 290 2452 ao
314 2397 467 2452 vetustate

140 2511 158 2593 §
185 2514 217 2575 3.
250 2505 361 2598 populi
384 2506 537 2595 originem

248 2883 354 2936 autem

252 2992 468 3081 propositum,
491 2989 496 3079 Ι
518 3011 589 3054 eon·

297 3134 410 3200 sequar

250 3233 413 3297 robustam

250 3414 285 3466 ut
309 3401 393 3491 apud

143 3779 151 3791 “
208 3829 213 3842 .
247 3777 502 3867 approbavissent

247 3898 468 3984 conloedamus

248 4071 331 4137 bene

246 4243 343 4308 fratre

247 4415 374 4483 Amulio

629 534 947 607 nicaeaeaomonua

644 649 657 688 h

629 723 741 772 TeseUS

625 823 768 914 estquod

624 965 778 1011 snoouols

624 1090 654 1155 p.
680 1069 759 1131 278.

624 1205 788 1252 exnlntsse

622 1337 980 1452 quisquidzulquando
1077 1363 1199 1430 Dubius
1222 1360 1346 1429 haereo

667 1484 769 1549 sintne
799 1485 940 1573 punctis‘
959 1496 1085 1550 notatae
1116 1504 1161 1551 no
1193 1507 1235 1549 an
1268 1508 1347 1550 vero

666 1604 817 1683 maculis,
843 1606 924 1671 sitne
946 1605 1150 1671 emendatum
1170 1624 1345 1695 anquan-

664 1725 723 1805 do,
760 1725 845 1815 quod
882 1730 896 1789 1
932 1725 1043 1791 saltem
1074 1748 1139 1791 non
1166 1724 1274 1804 dedit,
1300 1749 1345 1792 an

665 1871 740 1913 vero
763 1847 907 1913 maculae
927 1870 992 1911 non
1016 1847 1140 1913 litterae
1163 1865 1233 1914 nol.

619 1988 747 2034 nulssen
764 1960 772 2034 ἐ
787 1993 817 2032 ::
959 1968 1089 2058 vestigia
1111 1968 1295 2034 litterarum
1323 1974 1340 2033 1

664 2111 798 2167 manus,
824 2072 1035 2177 quae'erasae
1059 2100 1142 2153 sunt.

621 2213 767 2276 co‘nffl

615 2403 991 2450 Acuesusacuenusme

615 2524 909 2571 nonnmasnioanen
1022 2505 1109 2594 prior
1132 2525 1154 2571 n
1177 2528 1268 2571 erasa
1292 2519 1343 2574 est

657 2637 689 2691 et
719 2650 756 2692 ex
780 2626 924 2715 sequenti
948 2645 960 2691 1
983 2626 1067 2691 faeta
1091 2646 1124 2706 03
1151 2627 1235 2693 forte
1261 2650 1340 2693 oum

661 2766 681 2811 n
706 2745 920 2811 revocandum
944 2758 990 2811 est
1016 2745 1176 2813 Romani.

617 2865 745 2932 Addidit
770 2871 803 2934 2.

613 3012 646 3076 p.
674 2992 753 3054 287.

616 3250 748 3296 ΒΟΒΤΔΦ

724 3356 766 3388 Pon·

612 3422 722 3468 aunon
808 3402 840 3467 d.
868 3426 888 3464 n
912 3417 943 3468 et
968 3423 986 3470 L

644 3597 759 3689 Caput
782 3599 824 3664 ΙΙ.

609 3768 893 3846 adnnooauassenn

609 3923 641 3987 p.
667 3902 745 3965 288.

611 4091 734 4138 ursone

687 4199 702 4231 R

610 4269 715 4316 nonne

716 4381 725 4409 1

611 4421 748 4502 tondeo
838 4429 853 4488 1
880 4423 1016 4490 Amulo.
1043 4422 1153 4489 Maius.
1180 4422 1256 4490 Non
1269 4427 1333 4510 ita;

655 4544 738 4610 male
757 4544 965 4612 disseoaverat
986 4548 1023 4624 1,
1040 4558 1109 4611 tuin
1121 4567 1210 4611 erasa
1222 4549 1336 4636 priore

655 4684 674 4729 ι,
699 4689 734 4729 ex
759 4687 769 4731 1
793 4668 874 4733 faeta
899 4683 945 4735 est
970 4689 987 4735 ι,
1013 4645 1043 4734 et
1067 4667 1225 4756 adscripta
1251 4689 1278 4739 1.
