<?xml version="1.0" encoding="UTF-8"?>
<!DOCTYPE html PUBLIC "-//W3C//DTD XHTML 1.0 Transitional//EN"
    "http://www.w3.org/TR/xhtml1/DTD/xhtml1-transitional.dtd">
<html xmlns="http://www.w3.org/1999/xhtml" xml:lang="en" lang="en">
 <head>
  <title>
</title>
<meta http-equiv="Content-Type" content="text/html;charset=utf-8" />
  <meta name='ocr-system' content='tesseract 3.04.00' />
  <meta name='ocr-capabilities' content='ocr_page ocr_carea ocr_par ocr_line ocrx_word'/>
</head>
<body>
  <div class='ocr_page' id='page_1' title='image "./schedaevaticana01rieugoog_0046.png"; bbox 0 0 2946 5182; ppageno 0'>
   <div class='ocr_carea' id='block_1_1' title="bbox 598 361 1320 427">
    <p class='ocr_par' dir='ltr' id='par_1_1' title="bbox 598 361 1320 427">
     <span class='ocr_line' id='line_1_1' title="bbox 598 361 1320 427; baseline -0.008 -1"><span class='ocrx_word' id='word_1_1' title='bbox 598 379 699 426; x_wconf 78' lang='lat' dir='ltr'><strong>arras</strong></span> <span class='ocrx_word' id='word_1_2' title='bbox 724 377 865 427; x_wconf 86' lang='lat' dir='ltr'><strong>coorcrs.</strong></span> <span class='ocrx_word' id='word_1_3' title='bbox 1279 361 1320 421; x_wconf 87' lang='grc'><strong>27</strong></span> 
     </span>
    </p>
   </div>
   <div class='ocr_carea' id='block_1_2' title="bbox 136 544 1328 1968">
    <p class='ocr_par' dir='ltr' id='par_1_2' title="bbox 136 544 1328 1968">
     <span class='ocr_line' id='line_1_2' title="bbox 136 544 1323 636; baseline -0.006 -17"><span class='ocrx_word' id='word_1_4' title='bbox 136 550 240 619; x_wconf 88' lang='lat' dir='ltr'><strong>Series</strong></span> <span class='ocrx_word' id='word_1_5' title='bbox 260 546 403 617; x_wconf 52' lang='lat' dir='ltr'><strong>Roman(</strong></span> <span class='ocrx_word' id='word_1_6' title='bbox 419 547 535 614; x_wconf 86' lang='lat' dir='ltr'><strong>Pontis.</strong></span> <span class='ocrx_word' id='word_1_7' title='bbox 563 570 581 611; x_wconf 95' lang='lat' dir='ltr'><strong>a</strong></span> <span class='ocrx_word' id='word_1_8' title='bbox 604 547 638 614; x_wconf 93' lang='lat' dir='ltr'><strong>S.</strong></span> <span class='ocrx_word' id='word_1_9' title='bbox 664 549 758 614; x_wconf 89' lang='lat' dir='ltr'><strong>Petro</strong></span> <span class='ocrx_word' id='word_1_10' title='bbox 780 545 820 612; x_wconf 90' lang='lat' dir='ltr'><strong>ad</strong></span> <span class='ocrx_word' id='word_1_11' title='bbox 839 545 1009 636; x_wconf 78' lang='lat' dir='ltr'><strong>vigilium,</strong></span> <span class='ocrx_word' id='word_1_12' title='bbox 1034 559 1064 614; x_wconf 86' lang='lat' dir='ltr'><strong>et</strong></span> <span class='ocrx_word' id='word_1_13' title='bbox 1089 544 1212 614; x_wconf 76' lang='lat' dir='ltr'><strong>Concil.</strong></span> <span class='ocrx_word' id='word_1_14' title='bbox 1239 546 1323 612; x_wconf 87' lang='lat' dir='ltr'><strong>Pari·</strong></span> 
     </span>
     <span class='ocr_line' id='line_1_3' title="bbox 136 666 1322 758; baseline -0.001 -22"><span class='ocrx_word' id='word_1_15' title='bbox 136 671 237 737; x_wconf 86' lang='lat' dir='ltr'><strong>siense</strong></span> <span class='ocrx_word' id='word_1_16' title='bbox 260 670 300 737; x_wconf 91' lang='lat' dir='ltr'><strong>de</strong></span> <span class='ocrx_word' id='word_1_17' title='bbox 326 668 467 735; x_wconf 73' lang='lat' dir='ltr'><strong>(lastrod.</strong></span> <span class='ocrx_word' id='word_1_18' title='bbox 494 669 614 758; x_wconf 81' lang='lat' dir='ltr'><strong>episc,</strong></span> <span class='ocrx_word' id='word_1_19' title='bbox 640 679 686 734; x_wconf 88' lang='lat' dir='ltr'><strong>est</strong></span> <span class='ocrx_word' id='word_1_20' title='bbox 732 666 767 734; x_wconf 69' lang='lat' dir='ltr'><strong>S,</strong></span> <span class='ocrx_word' id='word_1_21' title='bbox 795 667 902 734; x_wconf 86' lang='lat' dir='ltr'><strong>Germ.</strong></span> <span class='ocrx_word' id='word_1_22' title='bbox 933 666 990 734; x_wconf 86' lang='lat' dir='ltr'><strong>N⁰.</strong></span> <span class='ocrx_word' id='word_1_23' title='bbox 1019 672 1104 748; x_wconf 83' lang='grc'>936,</span> <span class='ocrx_word' id='word_1_24' title='bbox 1128 668 1204 734; x_wconf 90' lang='lat' dir='ltr'><strong>olim</strong></span> <span class='ocrx_word' id='word_1_25' title='bbox 1225 667 1322 735; x_wconf 72' lang='lat' dir='ltr'><strong>Corb.v</strong></span> 
     </span>
     <span class='ocr_line' id='line_1_4' title="bbox 136 788 1324 880; baseline -0.002 -22"><span class='ocrx_word' id='word_1_26' title='bbox 136 791 201 868; x_wconf 71' lang='lat' dir='ltr'><strong>N⁰·.,</strong></span> <span class='ocrx_word' id='word_1_27' title='bbox 217 795 280 870; x_wconf 85' lang='lat'><strong>26,</strong></span> <span class='ocrx_word' id='word_1_28' title='bbox 306 815 342 858; x_wconf 89' lang='lat' dir='ltr'><strong>er</strong></span> <span class='ocrx_word' id='word_1_29' title='bbox 364 814 426 880; x_wconf 94' lang='lat' dir='ltr'><strong>quo</strong></span> <span class='ocrx_word' id='word_1_30' title='bbox 450 791 489 856; x_wconf 93' lang='lat' dir='ltr'><strong>de</strong></span> <span class='ocrx_word' id='word_1_31' title='bbox 511 790 635 878; x_wconf 74' lang='lat' dir='ltr'><strong>Wailly</strong></span> <span class='ocrx_word' id='word_1_32' title='bbox 658 789 724 855; x_wconf 88' lang='lat' dir='ltr'><strong>tab.</strong></span> <span class='ocrx_word' id='word_1_33' title='bbox 751 789 811 856; x_wconf 90' lang='lat'><em>111.</em></span> <span class='ocrx_word' id='word_1_34' title='bbox 837 788 1023 868; x_wconf 85' lang='lat' dir='ltr'>1-7‚1v.</span> <span class='ocrx_word' id='word_1_35' title='bbox 1048 793 1063 854; x_wconf 91' lang='lat'>1</span> <span class='ocrx_word' id='word_1_36' title='bbox 1083 788 1203 856; x_wconf 84' lang='lat' dir='ltr'><strong>diversa</strong></span> <span class='ocrx_word' id='word_1_37' title='bbox 1225 791 1324 880; x_wconf 88' lang='lat' dir='ltr'><strong>scrip·</strong></span> 
     </span>
     <span class='ocr_line' id='line_1_5' title="bbox 136 909 1324 1002; baseline -0.003 -20"><span class='ocrx_word' id='word_1_38' title='bbox 136 925 227 983; x_wconf 83' lang='lat' dir='ltr'><strong>turae</strong></span> <span class='ocrx_word' id='word_1_39' title='bbox 268 913 440 1002; x_wconf 79' lang='lat' dir='ltr'><strong>specimina</strong></span> <span class='ocrx_word' id='word_1_40' title='bbox 481 911 582 992; x_wconf 85' lang='lat' dir='ltr'><strong>dedit3</strong></span> <span class='ocrx_word' id='word_1_41' title='bbox 627 912 717 977; x_wconf 90' lang='lat' dir='ltr'><strong>cuius</strong></span> <span class='ocrx_word' id='word_1_42' title='bbox 755 910 795 976; x_wconf 93' lang='lat' dir='ltr'><strong>de</strong></span> <span class='ocrx_word' id='word_1_43' title='bbox 827 909 936 976; x_wconf 85' lang='lat' dir='ltr'><strong>ordine</strong></span> <span class='ocrx_word' id='word_1_44' title='bbox 967 910 1116 976; x_wconf 90' lang='lat' dir='ltr'><strong>foliorum</strong></span> <span class='ocrx_word' id='word_1_45' title='bbox 1148 934 1324 1001; x_wconf 83' lang='lat' dir='ltr'><strong>corumque</strong></span> 
     </span>
     <span class='ocr_line' id='line_1_6' title="bbox 137 1032 1323 1122; baseline -0.005 -19"><span class='ocrx_word' id='word_1_46' title='bbox 137 1045 240 1103; x_wconf 76' lang='lat' dir='ltr'><strong>aetate</strong></span> <span class='ocrx_word' id='word_1_47' title='bbox 271 1034 456 1099; x_wconf 89' lang='lat' dir='ltr'><strong>artificiosae</strong></span> <span class='ocrx_word' id='word_1_48' title='bbox 485 1032 689 1122; x_wconf 80' lang='lat' dir='ltr'><strong>disputationi</strong></span> <span class='ocrx_word' id='word_1_49' title='bbox 716 1032 742 1097; x_wconf 91' lang='lat' dir='ltr'><strong>si</strong></span> <span class='ocrx_word' id='word_1_50' title='bbox 765 1032 1004 1121; x_wconf 80' lang='lat' dir='ltr'><strong>subscripseris,</strong></span> <span class='ocrx_word' id='word_1_51' title='bbox 1025 1032 1156 1098; x_wconf 84' lang='lat' dir='ltr'><strong>habebis</strong></span> <span class='ocrx_word' id='word_1_52' title='bbox 1181 1032 1323 1122; x_wconf 83' lang='lat' dir='ltr'><strong>exempla</strong></span> 
     </span>
     <span class='ocr_line' id='line_1_7' title="bbox 138 1152 1325 1244; baseline -0.001 -24"><span class='ocrx_word' id='word_1_53' title='bbox 138 1156 312 1244; x_wconf 86' lang='lat' dir='ltr'><strong>scripturae</strong></span> <span class='ocrx_word' id='word_1_54' title='bbox 335 1155 475 1221; x_wconf 85' lang='lat' dir='ltr'><strong>cursirae</strong></span> <span class='ocrx_word' id='word_1_55' title='bbox 498 1154 616 1220; x_wconf 86' lang='lat' dir='ltr'><strong>saeculi</strong></span> <span class='ocrx_word' id='word_1_56' title='bbox 635 1154 713 1221; x_wconf 82' lang='lat' dir='ltr'><strong>serti</strong></span> <span class='ocrx_word' id='word_1_57' title='bbox 733 1152 837 1219; x_wconf 88' lang='lat' dir='ltr'><strong>media</strong></span> <span class='ocrx_word' id='word_1_58' title='bbox 858 1154 942 1218; x_wconf 90' lang='lat' dir='ltr'><strong>inter</strong></span> <span class='ocrx_word' id='word_1_59' title='bbox 961 1154 1219 1233; x_wconf 89' lang='lat' dir='ltr'><strong>semiuncialem,</strong></span> <span class='ocrx_word' id='word_1_60' title='bbox 1239 1153 1325 1220; x_wconf 91' lang='lat' dir='ltr'><strong>unde</strong></span> 
     </span>
     <span class='ocr_line' id='line_1_8' title="bbox 137 1274 1322 1364; baseline -0.003 -21"><span class='ocrx_word' id='word_1_61' title='bbox 137 1276 282 1364; x_wconf 89' lang='lat' dir='ltr'><strong>sequitur</strong></span> <span class='ocrx_word' id='word_1_62' title='bbox 310 1288 483 1364; x_wconf 91' lang='lat' dir='ltr'><strong>utrumque</strong></span> <span class='ocrx_word' id='word_1_63' title='bbox 514 1297 612 1364; x_wconf 91' lang='lat' dir='ltr'><strong>genus</strong></span> <span class='ocrx_word' id='word_1_64' title='bbox 635 1275 669 1339; x_wconf 90' lang='lat' dir='ltr'><strong>in</strong></span> <span class='ocrx_word' id='word_1_65' title='bbox 695 1274 796 1341; x_wconf 88' lang='lat' dir='ltr'><strong>Gallia</strong></span> <span class='ocrx_word' id='word_1_66' title='bbox 820 1274 931 1341; x_wconf 87' lang='lat' dir='ltr'><strong>saltem</strong></span> <span class='ocrx_word' id='word_1_67' title='bbox 956 1274 1050 1340; x_wconf 92' lang='lat' dir='ltr'><strong>simul</strong></span> <span class='ocrx_word' id='word_1_68' title='bbox 1071 1275 1165 1340; x_wconf 91' lang='lat' dir='ltr'><strong>fuisse</strong></span> <span class='ocrx_word' id='word_1_69' title='bbox 1187 1276 1221 1341; x_wconf 90' lang='lat' dir='ltr'><strong>in</strong></span> <span class='ocrx_word' id='word_1_70' title='bbox 1246 1297 1322 1354; x_wconf 88' lang='lat' dir='ltr'><strong>usu,</strong></span> 
     </span>
     <span class='ocr_line' id='line_1_9' title="bbox 138 1394 1324 1486; baseline 0.001 -26"><span class='ocrx_word' id='word_1_71' title='bbox 138 1395 224 1486; x_wconf 85' lang='lat' dir='ltr'><strong>quod</strong></span> <span class='ocrx_word' id='word_1_72' title='bbox 252 1397 378 1462; x_wconf 91' lang='lat' dir='ltr'><strong>nonnisi</strong></span> <span class='ocrx_word' id='word_1_73' title='bbox 407 1420 424 1461; x_wconf 93' lang='lat' dir='ltr'><strong>a</strong></span> <span class='ocrx_word' id='word_1_74' title='bbox 455 1395 561 1461; x_wconf 92' lang='lat' dir='ltr'><strong>lubitu</strong></span> <span class='ocrx_word' id='word_1_75' title='bbox 590 1394 820 1460; x_wconf 88' lang='lat' dir='ltr'><strong>monachorum</strong></span> <span class='ocrx_word' id='word_1_76' title='bbox 845 1395 1009 1485; x_wconf 90' lang='lat' dir='ltr'><strong>penderet.</strong></span> <span class='ocrx_word' id='word_1_77' title='bbox 1058 1394 1194 1485; x_wconf 87' lang='lat' dir='ltr'><strong>Superat</strong></span> <span class='ocrx_word' id='word_1_78' title='bbox 1217 1409 1324 1462; x_wconf 91' lang='lat' dir='ltr'><strong>autem</strong></span> 
     </span>
     <span class='ocr_line' id='line_1_10' title="bbox 139 1516 1325 1606; baseline -0.003 -21"><span class='ocrx_word' id='word_1_79' title='bbox 139 1517 304 1585; x_wconf 78' lang='lat' dir='ltr'><strong>Tullianus</strong></span> <span class='ocrx_word' id='word_1_80' title='bbox 326 1516 408 1583; x_wconf 91' lang='lat' dir='ltr'><strong>liber</strong></span> <span class='ocrx_word' id='word_1_81' title='bbox 431 1528 567 1582; x_wconf 89' lang='lat' dir='ltr'><strong>aetatem</strong></span> <span class='ocrx_word' id='word_1_82' title='bbox 589 1516 738 1582; x_wconf 91' lang='lat' dir='ltr'><strong>foliorum</strong></span> <span class='ocrx_word' id='word_1_83' title='bbox 759 1529 829 1581; x_wconf 91' lang='lat' dir='ltr'><strong>tum</strong></span> <span class='ocrx_word' id='word_1_84' title='bbox 852 1528 937 1582; x_wconf 84' lang='lat' dir='ltr'><strong>serto</strong></span> <span class='ocrx_word' id='word_1_85' title='bbox 961 1516 1087 1582; x_wconf 88' lang='lat' dir='ltr'><strong>saeculo</strong></span> <span class='ocrx_word' id='word_1_86' title='bbox 1111 1529 1244 1583; x_wconf 82' lang='lat' dir='ltr'><strong>exeunte</strong></span> <span class='ocrx_word' id='word_1_87' title='bbox 1269 1518 1325 1606; x_wconf 91' lang='lat' dir='ltr'><strong>qui</strong></span> 
     </span>
     <span class='ocr_line' id='line_1_11' title="bbox 138 1636 1326 1726; baseline -0.001 -21"><span class='ocrx_word' id='word_1_88' title='bbox 138 1650 264 1705; x_wconf 84' lang='lat' dir='ltr'><strong>exarata</strong></span> <span class='ocrx_word' id='word_1_89' title='bbox 288 1650 381 1717; x_wconf 89' lang='lat' dir='ltr'><strong>sunt,</strong></span> <span class='ocrx_word' id='word_1_90' title='bbox 406 1651 475 1704; x_wconf 88' lang='lat' dir='ltr'><strong>tum</strong></span> <span class='ocrx_word' id='word_1_91' title='bbox 498 1660 608 1703; x_wconf 91' lang='lat' dir='ltr'><strong>eorum</strong></span> <span class='ocrx_word' id='word_1_92' title='bbox 629 1639 684 1726; x_wconf 93' lang='lat' dir='ltr'><strong>qui</strong></span> <span class='ocrx_word' id='word_1_93' title='bbox 708 1636 833 1703; x_wconf 86' lang='lat' dir='ltr'><strong>saeculo</strong></span> <span class='ocrx_word' id='word_1_94' title='bbox 854 1636 910 1702; x_wconf 88' lang='lat' dir='ltr'><strong>illo</strong></span> <span class='ocrx_word' id='word_1_95' title='bbox 928 1636 1033 1702; x_wconf 90' lang='lat' dir='ltr'><strong>medio</strong></span> <span class='ocrx_word' id='word_1_96' title='bbox 1053 1637 1326 1718; x_wconf 85' lang='lat' dir='ltr'><strong>describerentur,</strong></span> 
     </span>
     <span class='ocr_line' id='line_1_12' title="bbox 140 1756 1328 1849; baseline 0 -24"><span class='ocrx_word' id='word_1_97' title='bbox 140 1759 230 1849; x_wconf 87' lang='lat' dir='ltr'><strong>atqui</strong></span> <span class='ocrx_word' id='word_1_98' title='bbox 260 1758 474 1825; x_wconf 87' lang='lat' dir='ltr'><strong>recedendum</strong></span> <span class='ocrx_word' id='word_1_99' title='bbox 506 1771 553 1824; x_wconf 89' lang='lat' dir='ltr'><strong>est</strong></span> <span class='ocrx_word' id='word_1_100' title='bbox 584 1756 700 1823; x_wconf 91' lang='lat' dir='ltr'><strong>adhuc.</strong></span> <span class='ocrx_word' id='word_1_101' title='bbox 749 1757 884 1823; x_wconf 90' lang='lat' dir='ltr'><strong>Ineunte</strong></span> <span class='ocrx_word' id='word_1_102' title='bbox 915 1758 1039 1823; x_wconf 89' lang='lat' dir='ltr'><strong>saeculo</strong></span> <span class='ocrx_word' id='word_1_103' title='bbox 1071 1770 1155 1823; x_wconf 87' lang='lat' dir='ltr'><strong>serto</strong></span> <span class='ocrx_word' id='word_1_104' title='bbox 1189 1759 1328 1825; x_wconf 84' lang='lat' dir='ltr'><strong>Hilarius</strong></span> 
     </span>
     <span class='ocr_line' id='line_1_13' title="bbox 141 1877 1327 1968; baseline -0.002 -21"><span class='ocrx_word' id='word_1_105' title='bbox 141 1879 303 1947; x_wconf 80' lang='lat' dir='ltr'><strong>Ecclesiae</strong></span> <span class='ocrx_word' id='word_1_106' title='bbox 331 1879 502 1946; x_wconf 90' lang='lat' dir='ltr'><strong>Vaticanae</strong></span> <span class='ocrx_word' id='word_1_107' title='bbox 534 1878 650 1956; x_wconf 87' lang='lat' dir='ltr'><strong>codar,</strong></span> <span class='ocrx_word' id='word_1_108' title='bbox 680 1879 770 1943; x_wconf 87' lang='lat' dir='ltr'><strong>cuius</strong></span> <span class='ocrx_word' id='word_1_109' title='bbox 794 1879 954 1968; x_wconf 89' lang='lat' dir='ltr'><strong>specimen</strong></span> <span class='ocrx_word' id='word_1_110' title='bbox 979 1877 1049 1944; x_wconf 83' lang='lat' dir='ltr'><strong>ride</strong></span> <span class='ocrx_word' id='word_1_111' title='bbox 1072 1879 1156 1968; x_wconf 92' lang='lat' dir='ltr'><strong>apud</strong></span> <span class='ocrx_word' id='word_1_112' title='bbox 1177 1879 1327 1945; x_wconf 82' lang='lat' dir='ltr'><strong>liabillon</strong></span> 
     </span>
    </p>
   </div>
   <div class='ocr_carea' id='block_1_3' title="bbox 17 1997 1331 2089">
    <p class='ocr_par' dir='ltr' id='par_1_3' title="bbox 17 1997 1331 2089">
     <span class='ocr_line' id='line_1_14' title="bbox 17 1997 1331 2089; baseline -0.003 -20"><span class='ocrx_word' id='word_1_113' title='bbox 17 2011 21 2016; x_wconf 83' lang='grc'><strong>’</strong></span> <span class='ocrx_word' id='word_1_114' title='bbox 140 1999 205 2067; x_wconf 87' lang='lat' dir='ltr'><strong>tab.</strong></span> <span class='ocrx_word' id='word_1_115' title='bbox 237 2019 283 2066; x_wconf 78' lang='lat' dir='ltr'><strong>rr.</strong></span> <span class='ocrx_word' id='word_1_116' title='bbox 317 2000 375 2066; x_wconf 83' lang='lat' dir='ltr'><strong>Er.</strong></span> <span class='ocrx_word' id='word_1_117' title='bbox 409 2003 449 2077; x_wconf 88' lang='lat'><strong>7,</strong></span> <span class='ocrx_word' id='word_1_118' title='bbox 481 1999 615 2089; x_wconf 84' lang='lat' dir='ltr'><strong>scriptus</strong></span> <span class='ocrx_word' id='word_1_119' title='bbox 645 1998 806 2077; x_wconf 80' lang='lat' dir='ltr'><strong>exstabat,</strong></span> <span class='ocrx_word' id='word_1_120' title='bbox 843 2011 880 2063; x_wconf 92' lang='lat' dir='ltr'><strong>ut</strong></span> <span class='ocrx_word' id='word_1_121' title='bbox 911 1997 1004 2065; x_wconf 88' lang='lat' dir='ltr'><strong>docet</strong></span> <span class='ocrx_word' id='word_1_122' title='bbox 1035 1998 1211 2065; x_wconf 87' lang='lat' dir='ltr'><strong>collationis</strong></span> <span class='ocrx_word' id='word_1_123' title='bbox 1237 2001 1331 2078; x_wconf 80' lang='lat' dir='ltr'><strong>tosti-¹</strong></span> 
     </span>
    </p>
   </div>
   <div class='ocr_carea' id='block_1_4' title="bbox 139 2119 1331 2210">
    <p class='ocr_par' dir='ltr' id='par_1_4' title="bbox 139 2119 1331 2210">
     <span class='ocr_line' id='line_1_15' title="bbox 139 2119 1331 2210; baseline 0 -22"><span class='ocrx_word' id='word_1_124' title='bbox 139 2121 298 2201; x_wconf 90' lang='lat' dir='ltr'><strong>monium;</strong></span> <span class='ocrx_word' id='word_1_125' title='bbox 333 2120 491 2208; x_wconf 87' lang='lat' dir='ltr'><strong>conspirat</strong></span> <span class='ocrx_word' id='word_1_126' title='bbox 520 2119 615 2185; x_wconf 90' lang='lat' dir='ltr'><strong>huius</strong></span> <span class='ocrx_word' id='word_1_127' title='bbox 645 2120 819 2210; x_wconf 90' lang='lat' dir='ltr'><strong>scriptura,</strong></span> <span class='ocrx_word' id='word_1_128' title='bbox 855 2142 936 2208; x_wconf 87' lang='lat' dir='ltr'><strong>quae</strong></span> <span class='ocrx_word' id='word_1_129' title='bbox 964 2120 1040 2186; x_wconf 87' lang='lat' dir='ltr'><strong>item</strong></span> <span class='ocrx_word' id='word_1_130' title='bbox 1067 2120 1196 2210; x_wconf 88' lang='lat' dir='ltr'><strong>politico</strong></span> <span class='ocrx_word' id='word_1_131' title='bbox 1220 2135 1331 2188; x_wconf 88' lang='lat' dir='ltr'><strong>nostro-</strong></span> 
     </span>
    </p>
   </div>
   <div class='ocr_carea' id='block_1_5' title="bbox 140 2241 1335 4757">
    <p class='ocr_par' dir='ltr' id='par_1_5' title="bbox 140 2241 1335 4512">
     <span class='ocr_line' id='line_1_16' title="bbox 140 2241 1327 2334; baseline 0.001 -27"><span class='ocrx_word' id='word_1_132' title='bbox 140 2242 222 2307; x_wconf 92' lang='lat' dir='ltr'><strong>libro</strong></span> <span class='ocrx_word' id='word_1_133' title='bbox 246 2243 403 2307; x_wconf 88' lang='lat' dir='ltr'><strong>recentior</strong></span> <span class='ocrx_word' id='word_1_134' title='bbox 424 2266 489 2308; x_wconf 89' lang='lat' dir='ltr'><strong>esse</strong></span> <span class='ocrx_word' id='word_1_135' title='bbox 512 2241 655 2319; x_wconf 81' lang='lat' dir='ltr'><strong>ridetur,</strong></span> <span class='ocrx_word' id='word_1_136' title='bbox 684 2241 723 2306; x_wconf 91' lang='lat' dir='ltr'><strong>ad</strong></span> <span class='ocrx_word' id='word_1_137' title='bbox 745 2253 902 2331; x_wconf 89' lang='lat' dir='ltr'><strong>punctum</strong></span> <span class='ocrx_word' id='word_1_138' title='bbox 925 2264 999 2308; x_wconf 92' lang='lat' dir='ltr'><strong>cum</strong></span> <span class='ocrx_word' id='word_1_139' title='bbox 1026 2241 1202 2333; x_wconf 77' lang='lat' dir='ltr'><strong>Augustino</strong></span> <span class='ocrx_word' id='word_1_140' title='bbox 1225 2267 1327 2334; x_wconf 70' lang='lat' dir='ltr'><strong>papy-</strong></span> 
     </span>
     <span class='ocr_line' id='line_1_17' title="bbox 141 2360 1328 2456; baseline 0.003 -28"><span class='ocrx_word' id='word_1_141' title='bbox 141 2386 233 2431; x_wconf 89' lang='lat' dir='ltr'><strong>raceo</strong></span> <span class='ocrx_word' id='word_1_142' title='bbox 261 2385 303 2428; x_wconf 86' lang='lat' dir='ltr'><strong>er</strong></span> <span class='ocrx_word' id='word_1_143' title='bbox 320 2363 408 2428; x_wconf 91' lang='lat' dir='ltr'><strong>bibl.</strong></span> <span class='ocrx_word' id='word_1_144' title='bbox 441 2363 637 2440; x_wconf 83' lang='lat' dir='ltr'><strong>Genevensi,</strong></span> <span class='ocrx_word' id='word_1_145' title='bbox 665 2360 745 2427; x_wconf 87' lang='lat' dir='ltr'><strong>Silr.</strong></span> <span class='ocrx_word' id='word_1_146' title='bbox 778 2361 843 2426; x_wconf 91' lang='lat' dir='ltr'><strong>tab.</strong></span> <span class='ocrx_word' id='word_1_147' title='bbox 874 2364 958 2442; x_wconf 85' lang='lat'><strong>270,</strong></span> <span class='ocrx_word' id='word_1_148' title='bbox 987 2362 1074 2452; x_wconf 90' lang='lat' dir='ltr'><strong>quod</strong></span> <span class='ocrx_word' id='word_1_149' title='bbox 1096 2365 1194 2430; x_wconf 91' lang='lat' dir='ltr'><strong>miror</strong></span> <span class='ocrx_word' id='word_1_150' title='bbox 1212 2367 1328 2456; x_wconf 77' lang='lat' dir='ltr'><strong>fugisse</strong></span> 
     </span>
     <span class='ocr_line' id='line_1_18' title="bbox 143 2480 1329 2576; baseline 0.002 -25"><span class='ocrx_word' id='word_1_151' title='bbox 143 2480 429 2573; x_wconf 79' lang='lat' dir='ltr'><strong>champollionem.</strong></span> <span class='ocrx_word' id='word_1_152' title='bbox 485 2481 589 2548; x_wconf 89' lang='lat' dir='ltr'><strong>Simili</strong></span> <span class='ocrx_word' id='word_1_153' title='bbox 631 2481 725 2546; x_wconf 89' lang='lat' dir='ltr'><strong>modo</strong></span> <span class='ocrx_word' id='word_1_154' title='bbox 766 2480 935 2547; x_wconf 84' lang='lat' dir='ltr'><strong>Vaticanus</strong></span> <span class='ocrx_word' id='word_1_155' title='bbox 969 2496 1075 2550; x_wconf 84' lang='lat' dir='ltr'><strong>noster</strong></span> <span class='ocrx_word' id='word_1_156' title='bbox 1108 2485 1329 2576; x_wconf 89' lang='lat' dir='ltr'><strong>palimpsestus</strong></span> 
     </span>
     <span class='ocr_line' id='line_1_19' title="bbox 141 2594 1327 2697; baseline 0.003 -27"><span class='ocrx_word' id='word_1_157' title='bbox 141 2604 255 2683; x_wconf 85' lang='lat' dir='ltr'><strong>habet,</strong></span> <span class='ocrx_word' id='word_1_158' title='bbox 285 2594 424 2694; x_wconf 90' lang='lat' dir='ltr'><strong>quocum</strong></span> <span class='ocrx_word' id='word_1_159' title='bbox 449 2603 621 2692; x_wconf 90' lang='lat' dir='ltr'><strong>conspirat;</strong></span> <span class='ocrx_word' id='word_1_160' title='bbox 650 2602 837 2667; x_wconf 89' lang='lat' dir='ltr'><strong>Psalterium</strong></span> <span class='ocrx_word' id='word_1_161' title='bbox 857 2626 971 2692; x_wconf 89' lang='lat' dir='ltr'><strong>nempe</strong></span> <span class='ocrx_word' id='word_1_162' title='bbox 994 2604 1028 2669; x_wconf 92' lang='lat' dir='ltr'><strong>in</strong></span> <span class='ocrx_word' id='word_1_163' title='bbox 1051 2628 1144 2671; x_wconf 92' lang='lat' dir='ltr'><strong>usum</strong></span> <span class='ocrx_word' id='word_1_164' title='bbox 1168 2607 1327 2697; x_wconf 88' lang='lat' dir='ltr'><strong>episcopi,</strong></span> 
     </span>
     <span class='ocr_line' id='line_1_20' title="bbox 143 2722 1327 2813; baseline 0.002 -20"><span class='ocrx_word' id='word_1_165' title='bbox 143 2725 304 2793; x_wconf 77' lang='lat' dir='ltr'><strong>Ecclesiae</strong></span> <span class='ocrx_word' id='word_1_166' title='bbox 338 2723 370 2792; x_wconf 93' lang='lat' dir='ltr'><strong>S.</strong></span> <span class='ocrx_word' id='word_1_167' title='bbox 409 2724 614 2796; x_wconf 88' lang='lat' dir='ltr'><strong>Germanensi</strong></span> <span class='ocrx_word' id='word_1_168' title='bbox 646 2724 701 2812; x_wconf 91' lang='lat' dir='ltr'><strong>qui</strong></span> <span class='ocrx_word' id='word_1_169' title='bbox 730 2722 869 2813; x_wconf 86' lang='lat' dir='ltr'><strong>praefuit</strong></span> <span class='ocrx_word' id='word_1_170' title='bbox 901 2746 1001 2812; x_wconf 90' lang='lat' dir='ltr'><strong>usque</strong></span> <span class='ocrx_word' id='word_1_171' title='bbox 1036 2724 1075 2789; x_wconf 91' lang='lat' dir='ltr'><strong>ad</strong></span> <span class='ocrx_word' id='word_1_172' title='bbox 1095 2749 1215 2793; x_wconf 88' lang='lat' dir='ltr'><strong>annum</strong></span> <span class='ocrx_word' id='word_1_173' title='bbox 1240 2733 1306 2794; x_wconf 77' lang='lat'><strong>576</strong></span> <span class='ocrx_word' id='word_1_174' title='bbox 1318 2777 1327 2809; x_wconf 92' lang='lat'><strong>,</strong></span> 
     </span>
     <span class='ocr_line' id='line_1_21' title="bbox 142 2843 1330 2935; baseline 0.003 -22"><span class='ocrx_word' id='word_1_175' title='bbox 142 2846 328 2914; x_wconf 89' lang='lat' dir='ltr'><strong>nitidissime</strong></span> <span class='ocrx_word' id='word_1_176' title='bbox 353 2845 514 2935; x_wconf 90' lang='lat' dir='ltr'><strong>depictum</strong></span> <span class='ocrx_word' id='word_1_177' title='bbox 526 2895 535 2926; x_wconf 94' lang='lat'><strong>,</strong></span> <span class='ocrx_word' id='word_1_178' title='bbox 565 2857 601 2910; x_wconf 92' lang='lat' dir='ltr'><strong>ut</strong></span> <span class='ocrx_word' id='word_1_179' title='bbox 632 2843 737 2910; x_wconf 86' lang='lat' dir='ltr'><strong>ridere</strong></span> <span class='ocrx_word' id='word_1_180' title='bbox 766 2856 812 2910; x_wconf 90' lang='lat' dir='ltr'><strong>est</strong></span> <span class='ocrx_word' id='word_1_181' title='bbox 846 2844 931 2934; x_wconf 90' lang='lat' dir='ltr'><strong>apud</strong></span> <span class='ocrx_word' id='word_1_182' title='bbox 952 2843 1030 2911; x_wconf 84' lang='lat' dir='ltr'><strong>Silr.</strong></span> <span class='ocrx_word' id='word_1_183' title='bbox 1055 2847 1119 2912; x_wconf 92' lang='lat' dir='ltr'><strong>tab.</strong></span> <span class='ocrx_word' id='word_1_184' title='bbox 1147 2851 1210 2915; x_wconf 83' lang='lat'><strong>183</strong></span> <span class='ocrx_word' id='word_1_185' title='bbox 1234 2861 1266 2915; x_wconf 89' lang='lat' dir='ltr'><strong>et</strong></span> <span class='ocrx_word' id='word_1_186' title='bbox 1289 2849 1330 2917; x_wconf 90' lang='lat' dir='ltr'><strong>de</strong></span> 
     </span>
     <span class='ocr_line' id='line_1_22' title="bbox 143 2965 1330 3054; baseline 0.006 -22"><span class='ocrx_word' id='word_1_187' title='bbox 143 2967 266 3054; x_wconf 70' lang='lat' dir='ltr'><strong>Waitty</strong></span> <span class='ocrx_word' id='word_1_188' title='bbox 295 2967 361 3033; x_wconf 88' lang='lat' dir='ltr'><strong>tab.</strong></span> <span class='ocrx_word' id='word_1_189' title='bbox 400 2967 426 3033; x_wconf 91' lang='lat' dir='ltr'><strong>I.</strong></span> <span class='ocrx_word' id='word_1_190' title='bbox 466 2973 498 3048; x_wconf 81' lang='lat'><strong>13</strong></span> <span class='ocrx_word' id='word_1_191' title='bbox 532 2968 595 3032; x_wconf 85' lang='lat' dir='ltr'><strong>scio</strong></span> <span class='ocrx_word' id='word_1_192' title='bbox 628 2965 798 3032; x_wconf 89' lang='lat' dir='ltr'><strong>admodum</strong></span> <span class='ocrx_word' id='word_1_193' title='bbox 827 2966 986 3033; x_wconf 85' lang='lat' dir='ltr'><strong>luxuriose</strong></span> <span class='ocrx_word' id='word_1_194' title='bbox 1011 2967 1099 3034; x_wconf 90' lang='lat' dir='ltr'><strong>hunc</strong></span> <span class='ocrx_word' id='word_1_195' title='bbox 1122 2968 1240 3036; x_wconf 92' lang='lat' dir='ltr'><strong>librum</strong></span> <span class='ocrx_word' id='word_1_196' title='bbox 1262 2995 1330 3039; x_wconf 89' lang='lat' dir='ltr'><strong>esse</strong></span> 
     </span>
     <span class='ocr_line' id='line_1_23' title="bbox 144 3083 1331 3179; baseline 0.007 -26"><span class='ocrx_word' id='word_1_197' title='bbox 144 3088 337 3179; x_wconf 88' lang='lat' dir='ltr'><strong>descriptum</strong></span> <span class='ocrx_word' id='word_1_198' title='bbox 356 3088 468 3153; x_wconf 89' lang='lat' dir='ltr'><strong>litteris</strong></span> <span class='ocrx_word' id='word_1_199' title='bbox 488 3088 663 3177; x_wconf 80' lang='lat' dir='ltr'><strong>argenteis,</strong></span> <span class='ocrx_word' id='word_1_200' title='bbox 684 3086 738 3153; x_wconf 87' lang='lat' dir='ltr'><strong>sed</strong></span> <span class='ocrx_word' id='word_1_201' title='bbox 757 3083 884 3152; x_wconf 82' lang='lat' dir='ltr'><strong>illarum</strong></span> <span class='ocrx_word' id='word_1_202' title='bbox 903 3087 1021 3168; x_wconf 91' lang='lat' dir='ltr'><strong>forma,</strong></span> <span class='ocrx_word' id='word_1_203' title='bbox 1041 3113 1209 3171; x_wconf 90' lang='lat' dir='ltr'><strong>mensura,</strong></span> <span class='ocrx_word' id='word_1_204' title='bbox 1226 3105 1331 3161; x_wconf 89' lang='lat' dir='ltr'><strong>cetera</strong></span> 
     </span>
     <span class='ocr_line' id='line_1_24' title="bbox 142 3208 1332 3304; baseline 0.006 -30"><span class='ocrx_word' id='word_1_205' title='bbox 142 3208 242 3299; x_wconf 82' lang='lat' dir='ltr'><strong>probe</strong></span> <span class='ocrx_word' id='word_1_206' title='bbox 261 3209 442 3299; x_wconf 88' lang='lat' dir='ltr'><strong>conspirant</strong></span> <span class='ocrx_word' id='word_1_207' title='bbox 458 3231 532 3274; x_wconf 89' lang='lat' dir='ltr'><strong>cum</strong></span> <span class='ocrx_word' id='word_1_208' title='bbox 551 3208 717 3288; x_wconf 88' lang='lat' dir='ltr'><strong>Tulliano,</strong></span> <span class='ocrx_word' id='word_1_209' title='bbox 741 3208 849 3298; x_wconf 90' lang='lat' dir='ltr'><strong>paucis</strong></span> <span class='ocrx_word' id='word_1_210' title='bbox 869 3208 1060 3298; x_wconf 90' lang='lat' dir='ltr'><strong>quibusdam</strong></span> <span class='ocrx_word' id='word_1_211' title='bbox 1076 3215 1231 3302; x_wconf 83' lang='lat' dir='ltr'><strong>exceptis,</strong></span> <span class='ocrx_word' id='word_1_212' title='bbox 1248 3237 1332 3304; x_wconf 86' lang='lat' dir='ltr'><strong>quae</strong></span> 
     </span>
     <span class='ocr_line' id='line_1_25' title="bbox 144 3331 1331 3423; baseline 0.004 -26"><span class='ocrx_word' id='word_1_213' title='bbox 144 3331 179 3397; x_wconf 91' lang='lat' dir='ltr'><strong>in</strong></span> <span class='ocrx_word' id='word_1_214' title='bbox 198 3331 347 3422; x_wconf 88' lang='lat' dir='ltr'><strong>psalterio</strong></span> <span class='ocrx_word' id='word_1_215' title='bbox 371 3331 556 3421; x_wconf 89' lang='lat' dir='ltr'><strong>antiquioris</strong></span> <span class='ocrx_word' id='word_1_216' title='bbox 576 3332 749 3420; x_wconf 89' lang='lat' dir='ltr'><strong>scripturae</strong></span> <span class='ocrx_word' id='word_1_217' title='bbox 768 3331 978 3397; x_wconf 89' lang='lat' dir='ltr'><strong>imitationem</strong></span> <span class='ocrx_word' id='word_1_218' title='bbox 999 3346 1155 3423; x_wconf 88' lang='lat' dir='ltr'><strong>arguunt,</strong></span> <span class='ocrx_word' id='word_1_219' title='bbox 1181 3347 1216 3401; x_wconf 94' lang='lat' dir='ltr'><strong>ut</strong></span> <span class='ocrx_word' id='word_1_220' title='bbox 1237 3355 1275 3414; x_wconf 83' lang='lat' dir='ltr'><strong>a,</strong></span> <span class='ocrx_word' id='word_1_221' title='bbox 1299 3357 1331 3417; x_wconf 87' lang='lat' dir='ltr'><strong>r,</strong></span> 
     </span>
     <span class='ocr_line' id='line_1_26' title="bbox 147 3451 1334 3542; baseline 0.002 -23"><span class='ocrx_word' id='word_1_222' title='bbox 147 3472 192 3532; x_wconf 79' lang='lat' dir='ltr'><strong>e,</strong></span> <span class='ocrx_word' id='word_1_223' title='bbox 217 3464 272 3518; x_wconf 93' lang='lat' dir='ltr'><strong>aut</strong></span> <span class='ocrx_word' id='word_1_224' title='bbox 295 3464 331 3518; x_wconf 88' lang='lat' dir='ltr'><strong>ut</strong></span> <span class='ocrx_word' id='word_1_225' title='bbox 351 3452 464 3518; x_wconf 89' lang='lat' dir='ltr'><strong>melius</strong></span> <span class='ocrx_word' id='word_1_226' title='bbox 488 3452 611 3530; x_wconf 90' lang='lat' dir='ltr'><strong>dicam,</strong></span> <span class='ocrx_word' id='word_1_227' title='bbox 636 3452 675 3517; x_wconf 91' lang='lat' dir='ltr'><strong>ad</strong></span> <span class='ocrx_word' id='word_1_228' title='bbox 698 3451 878 3542; x_wconf 88' lang='lat' dir='ltr'><strong>rigidiorem</strong></span> <span class='ocrx_word' id='word_1_229' title='bbox 901 3452 1036 3518; x_wconf 90' lang='lat' dir='ltr'><strong>formam</strong></span> <span class='ocrx_word' id='word_1_230' title='bbox 1057 3467 1130 3520; x_wconf 90' lang='lat' dir='ltr'><strong>sunt</strong></span> <span class='ocrx_word' id='word_1_231' title='bbox 1153 3477 1334 3522; x_wconf 91' lang='lat' dir='ltr'><strong>accommo-</strong></span> 
     </span>
     <span class='ocr_line' id='line_1_27' title="bbox 145 3572 1333 3662; baseline 0.004 -23"><span class='ocrx_word' id='word_1_232' title='bbox 145 3574 237 3640; x_wconf 83' lang='lat' dir='ltr'><strong>datae</strong></span> <span class='ocrx_word' id='word_1_233' title='bbox 278 3572 545 3662; x_wconf 89' lang='lat' dir='ltr'><strong>quemadmodum</strong></span> <span class='ocrx_word' id='word_1_234' title='bbox 578 3599 613 3653; x_wconf 84' lang='grc' dir='ltr'><strong>ε,</strong></span> <span class='ocrx_word' id='word_1_235' title='bbox 644 3572 686 3652; x_wconf 94' lang='lat' dir='ltr'><strong>h,</strong></span> <span class='ocrx_word' id='word_1_236' title='bbox 718 3592 758 3652; x_wconf 78' lang='lat' dir='ltr'><strong>u,</strong></span> <span class='ocrx_word' id='word_1_237' title='bbox 789 3592 825 3652; x_wconf 90' lang='lat' dir='ltr'><strong>r,</strong></span> <span class='ocrx_word' id='word_1_238' title='bbox 858 3573 902 3636; x_wconf 89' lang='lat' dir='ltr'><strong>ita</strong></span> <span class='ocrx_word' id='word_1_239' title='bbox 933 3585 969 3638; x_wconf 92' lang='lat' dir='ltr'><strong>ut</strong></span> <span class='ocrx_word' id='word_1_240' title='bbox 991 3575 1153 3640; x_wconf 88' lang='lat' dir='ltr'><strong>saeculum</strong></span> <span class='ocrx_word' id='word_1_241' title='bbox 1175 3576 1333 3644; x_wconf 77' lang='lat' dir='ltr'><strong>diversum</strong></span> 
     </span>
     <span class='ocr_line' id='line_1_28' title="bbox 146 3692 1335 3784; baseline 0.003 -25"><span class='ocrx_word' id='word_1_242' title='bbox 146 3692 194 3760; x_wconf 90' lang='lat' dir='ltr'><strong>his</strong></span> <span class='ocrx_word' id='word_1_243' title='bbox 222 3693 346 3760; x_wconf 89' lang='lat' dir='ltr'><strong>duobus</strong></span> <span class='ocrx_word' id='word_1_244' title='bbox 373 3695 461 3759; x_wconf 91' lang='lat' dir='ltr'><strong>libris</strong></span> <span class='ocrx_word' id='word_1_245' title='bbox 485 3695 641 3784; x_wconf 88' lang='lat' dir='ltr'><strong>assignare</strong></span> <span class='ocrx_word' id='word_1_246' title='bbox 668 3692 817 3782; x_wconf 91' lang='lat' dir='ltr'><strong>equidem</strong></span> <span class='ocrx_word' id='word_1_247' title='bbox 848 3693 897 3757; x_wconf 83' lang='lat' dir='ltr'><strong>vir</strong></span> <span class='ocrx_word' id='word_1_248' title='bbox 922 3714 1016 3758; x_wconf 87' lang='lat' dir='ltr'><strong>ausus</strong></span> <span class='ocrx_word' id='word_1_249' title='bbox 1040 3717 1121 3761; x_wconf 89' lang='lat' dir='ltr'><strong>sum.</strong></span> <span class='ocrx_word' id='word_1_250' title='bbox 1169 3695 1238 3761; x_wconf 90' lang='lat' dir='ltr'><strong>Hoc</strong></span> <span class='ocrx_word' id='word_1_251' title='bbox 1262 3697 1335 3764; x_wconf 88' lang='lat' dir='ltr'><strong>dieo</strong></span> 
     </span>
     <span class='ocr_line' id='line_1_29' title="bbox 147 3814 1332 3908; baseline 0.005 -29"><span class='ocrx_word' id='word_1_252' title='bbox 147 3827 220 3881; x_wconf 89' lang='lat' dir='ltr'><strong>ante</strong></span> <span class='ocrx_word' id='word_1_253' title='bbox 244 3815 350 3880; x_wconf 88' lang='lat' dir='ltr'><strong>oculos</strong></span> <span class='ocrx_word' id='word_1_254' title='bbox 373 3814 493 3882; x_wconf 87' lang='lat' dir='ltr'><strong>habens</strong></span> <span class='ocrx_word' id='word_1_255' title='bbox 517 3815 712 3905; x_wconf 89' lang='lat' dir='ltr'><strong>singularum</strong></span> <span class='ocrx_word' id='word_1_256' title='bbox 731 3814 908 3879; x_wconf 88' lang='lat' dir='ltr'><strong>litterarum</strong></span> <span class='ocrx_word' id='word_1_257' title='bbox 924 3815 1095 3902; x_wconf 88' lang='lat' dir='ltr'><strong>specimina</strong></span> <span class='ocrx_word' id='word_1_258' title='bbox 1114 3815 1199 3882; x_wconf 91' lang='lat' dir='ltr'><strong>haud</strong></span> <span class='ocrx_word' id='word_1_259' title='bbox 1212 3824 1332 3908; x_wconf 81' lang='lat' dir='ltr'><strong>pauca,</strong></span> 
     </span>
     <span class='ocr_line' id='line_1_30' title="bbox 148 3934 1334 4030; baseline 0.006 -31"><span class='ocrx_word' id='word_1_260' title='bbox 148 3952 229 4024; x_wconf 88' lang='lat' dir='ltr'><strong>quac</strong></span> <span class='ocrx_word' id='word_1_261' title='bbox 253 3937 486 4002; x_wconf 89' lang='lat' dir='ltr'><strong>accuratissima</strong></span> <span class='ocrx_word' id='word_1_262' title='bbox 509 3938 575 4026; x_wconf 93' lang='lat' dir='ltr'><strong>ipse</strong></span> <span class='ocrx_word' id='word_1_263' title='bbox 598 3937 720 4003; x_wconf 90' lang='lat' dir='ltr'><strong>confeci</strong></span> <span class='ocrx_word' id='word_1_264' title='bbox 740 3934 947 4026; x_wconf 88' lang='lat' dir='ltr'><strong>praeferenda</strong></span> <span class='ocrx_word' id='word_1_265' title='bbox 968 3936 1035 4000; x_wconf 92' lang='lat' dir='ltr'><strong>istis</strong></span> <span class='ocrx_word' id='word_1_266' title='bbox 1066 3937 1098 4001; x_wconf 90' lang='lat' dir='ltr'><strong>iu</strong></span> <span class='ocrx_word' id='word_1_267' title='bbox 1120 3937 1228 4003; x_wconf 89' lang='lat' dir='ltr'><strong>tabula</strong></span> <span class='ocrx_word' id='word_1_268' title='bbox 1248 3941 1334 4030; x_wconf 87' lang='lat' dir='ltr'><strong>apud</strong></span> 
     </span>
     <span class='ocr_line' id='line_1_31' title="bbox 148 4055 1334 4147; baseline 0.005 -26"><span class='ocrx_word' id='word_1_269' title='bbox 148 4055 283 4136; x_wconf 87' lang='lat' dir='ltr'><strong>Maium;</strong></span> <span class='ocrx_word' id='word_1_270' title='bbox 319 4077 358 4134; x_wconf 76' lang='lat' dir='ltr'><strong>s,</strong></span> <span class='ocrx_word' id='word_1_271' title='bbox 390 4076 429 4136; x_wconf 82' lang='lat' dir='ltr'><strong>e,</strong></span> <span class='ocrx_word' id='word_1_272' title='bbox 460 4061 500 4136; x_wconf 69' lang='grc' dir='ltr'><strong>ὸ,</strong></span> <span class='ocrx_word' id='word_1_273' title='bbox 534 4076 572 4135; x_wconf 77' lang='lat' dir='ltr'><strong>a,</strong></span> <span class='ocrx_word' id='word_1_274' title='bbox 604 4076 633 4136; x_wconf 92' lang='lat'><strong>1,</strong></span> <span class='ocrx_word' id='word_1_275' title='bbox 659 4081 699 4146; x_wconf 88' lang='lat' dir='ltr'><strong>q,</strong></span> <span class='ocrx_word' id='word_1_276' title='bbox 726 4076 767 4135; x_wconf 84' lang='lat' dir='ltr'><strong>u,</strong></span> <span class='ocrx_word' id='word_1_277' title='bbox 793 4080 825 4136; x_wconf 88' lang='lat' dir='ltr'><strong>s,</strong></span> <span class='ocrx_word' id='word_1_278' title='bbox 851 4079 891 4135; x_wconf 93' lang='lat' dir='ltr'><strong>u,</strong></span> <span class='ocrx_word' id='word_1_279' title='bbox 916 4079 934 4120; x_wconf 84' lang='lat' dir='ltr'><strong>r</strong></span> <span class='ocrx_word' id='word_1_280' title='bbox 957 4067 989 4123; x_wconf 88' lang='lat' dir='ltr'><strong>et</strong></span> <span class='ocrx_word' id='word_1_281' title='bbox 1011 4059 1189 4147; x_wconf 81' lang='lat' dir='ltr'><strong>passima,</strong></span> <span class='ocrx_word' id='word_1_282' title='bbox 1215 4080 1258 4140; x_wconf 75' lang='lat' dir='ltr'><strong>rt,</strong></span> <span class='ocrx_word' id='word_1_283' title='bbox 1284 4063 1334 4128; x_wconf 85' lang='lat' dir='ltr'><strong>vir</strong></span> 
     </span>
     <span class='ocr_line' id='line_1_32' title="bbox 147 4176 1333 4267; baseline 0.007 -25"><span class='ocrx_word' id='word_1_284' title='bbox 147 4176 385 4267; x_wconf 87' lang='lat' dir='ltr'><strong>distinguuntur</strong></span> <span class='ocrx_word' id='word_1_285' title='bbox 414 4178 447 4243; x_wconf 89' lang='lat' dir='ltr'><strong>in</strong></span> <span class='ocrx_word' id='word_1_286' title='bbox 471 4201 535 4244; x_wconf 93' lang='lat' dir='ltr'><strong>uno</strong></span> <span class='ocrx_word' id='word_1_287' title='bbox 559 4178 599 4243; x_wconf 89' lang='lat' dir='ltr'><strong>ab</strong></span> <span class='ocrx_word' id='word_1_288' title='bbox 622 4178 721 4244; x_wconf 88' lang='lat' dir='ltr'><strong>altero</strong></span> <span class='ocrx_word' id='word_1_289' title='bbox 744 4177 873 4256; x_wconf 90' lang='lat' dir='ltr'><strong>codice,</strong></span> <span class='ocrx_word' id='word_1_290' title='bbox 896 4190 1005 4244; x_wconf 92' lang='lat' dir='ltr'><strong>contra</strong></span> <span class='ocrx_word' id='word_1_291' title='bbox 1027 4198 1067 4259; x_wconf 85' lang='lat' dir='ltr'><strong>n,</strong></span> <span class='ocrx_word' id='word_1_292' title='bbox 1091 4198 1134 4259; x_wconf 86' lang='lat' dir='ltr'><strong>r,</strong></span> <span class='ocrx_word' id='word_1_293' title='bbox 1158 4199 1178 4245; x_wconf 85' lang='lat' dir='ltr'><strong>r</strong></span> <span class='ocrx_word' id='word_1_294' title='bbox 1201 4182 1235 4246; x_wconf 89' lang='lat' dir='ltr'><strong>in</strong></span> <span class='ocrx_word' id='word_1_295' title='bbox 1258 4183 1333 4250; x_wconf 80' lang='lat' dir='ltr'><strong>&#39;ful-</strong></span> 
     </span>
     <span class='ocr_line' id='line_1_33' title="bbox 147 4298 1330 4390; baseline 0.006 -27"><span class='ocrx_word' id='word_1_296' title='bbox 147 4298 232 4363; x_wconf 90' lang='lat' dir='ltr'><strong>liano</strong></span> <span class='ocrx_word' id='word_1_297' title='bbox 255 4299 336 4363; x_wconf 91' lang='lat' dir='ltr'><strong>libro</strong></span> <span class='ocrx_word' id='word_1_298' title='bbox 355 4322 372 4363; x_wconf 93' lang='lat' dir='ltr'><strong>a</strong></span> <span class='ocrx_word' id='word_1_299' title='bbox 392 4302 551 4390; x_wconf 90' lang='lat' dir='ltr'><strong>superiore</strong></span> <span class='ocrx_word' id='word_1_300' title='bbox 570 4301 690 4380; x_wconf 90' lang='lat' dir='ltr'><strong>forma,</strong></span> <span class='ocrx_word' id='word_1_301' title='bbox 711 4301 861 4366; x_wconf 87' lang='lat' dir='ltr'><strong>rusticam</strong></span> <span class='ocrx_word' id='word_1_302' title='bbox 878 4299 968 4379; x_wconf 92' lang='lat' dir='ltr'><strong>dico,</strong></span> <span class='ocrx_word' id='word_1_303' title='bbox 987 4301 1129 4368; x_wconf 88' lang='lat' dir='ltr'><strong>nondum</strong></span> <span class='ocrx_word' id='word_1_304' title='bbox 1149 4301 1330 4385; x_wconf 87' lang='lat' dir='ltr'><strong>declinant,</strong></span> 
     </span>
     <span class='ocr_line' id='line_1_34' title="bbox 148 4417 973 4512; baseline 0.004 -29"><span class='ocrx_word' id='word_1_305' title='bbox 148 4417 285 4508; x_wconf 91' lang='lat' dir='ltr'><strong>denique</strong></span> <span class='ocrx_word' id='word_1_306' title='bbox 306 4445 339 4500; x_wconf 86' lang='grc' dir='ltr'><strong>ε,</strong></span> <span class='ocrx_word' id='word_1_307' title='bbox 364 4420 408 4498; x_wconf 90' lang='lat' dir='ltr'><strong>h,</strong></span> <span class='ocrx_word' id='word_1_308' title='bbox 431 4440 449 4487; x_wconf 92' lang='lat' dir='ltr'><strong>r</strong></span> <span class='ocrx_word' id='word_1_309' title='bbox 472 4421 593 4488; x_wconf 78' lang='lat' dir='ltr'><strong>diverso</strong></span> <span class='ocrx_word' id='word_1_310' title='bbox 616 4421 711 4487; x_wconf 90' lang='lat' dir='ltr'><strong>modo</strong></span> <span class='ocrx_word' id='word_1_311' title='bbox 734 4422 868 4512; x_wconf 89' lang='lat' dir='ltr'><strong>scriptae</strong></span> <span class='ocrx_word' id='word_1_312' title='bbox 890 4433 973 4487; x_wconf 90' lang='lat' dir='ltr'><strong>sunt.</strong></span> 
     </span>
    </p>

    <p class='ocr_par' dir='ltr' id='par_1_6' title="bbox 150 4539 1331 4757">
     <span class='ocr_line' id='line_1_35' title="bbox 216 4539 1331 4634; baseline 0.005 -27"><span class='ocrx_word' id='word_1_313' title='bbox 216 4539 273 4607; x_wconf 88' lang='lat' dir='ltr'><strong>His</strong></span> <span class='ocrx_word' id='word_1_314' title='bbox 307 4542 415 4630; x_wconf 86' lang='lat' dir='ltr'><strong>itaque</strong></span> <span class='ocrx_word' id='word_1_315' title='bbox 449 4544 541 4610; x_wconf 89' lang='lat' dir='ltr'><strong>certis</strong></span> <span class='ocrx_word' id='word_1_316' title='bbox 576 4544 769 4634; x_wconf 89' lang='lat' dir='ltr'><strong>argumentis</strong></span> <span class='ocrx_word' id='word_1_317' title='bbox 801 4556 964 4633; x_wconf 90' lang='lat' dir='ltr'><strong>tamquam</strong></span> <span class='ocrx_word' id='word_1_318' title='bbox 1000 4545 1185 4612; x_wconf 88' lang='lat' dir='ltr'><strong>arctioribus</strong></span> <span class='ocrx_word' id='word_1_319' title='bbox 1213 4547 1331 4613; x_wconf 87' lang='lat' dir='ltr'><strong>finibus</strong></span> 
     </span>
     <span class='ocr_line' id='line_1_36' title="bbox 150 4661 1326 4757; baseline 0.007 -31"><span class='ocrx_word' id='word_1_320' title='bbox 150 4661 417 4730; x_wconf 86' lang='lat' dir='ltr'><strong>circumscribitur</strong></span> <span class='ocrx_word' id='word_1_321' title='bbox 441 4665 596 4755; x_wconf 86' lang='lat' dir='ltr'><strong>spatium,</strong></span> <span class='ocrx_word' id='word_1_322' title='bbox 630 4665 713 4756; x_wconf 91' lang='lat' dir='ltr'><strong>quod</strong></span> <span class='ocrx_word' id='word_1_323' title='bbox 742 4668 835 4732; x_wconf 90' lang='lat' dir='ltr'><strong>aetati</strong></span> <span class='ocrx_word' id='word_1_324' title='bbox 859 4665 979 4735; x_wconf 82' lang='lat' dir='ltr'><strong>Codicis</strong></span> <span class='ocrx_word' id='word_1_325' title='bbox 1002 4669 1099 4733; x_wconf 89' lang='lat' dir='ltr'><strong>nostri</strong></span> <span class='ocrx_word' id='word_1_326' title='bbox 1127 4667 1326 4757; x_wconf 85' lang='lat' dir='ltr'><strong>respondeat3</strong></span> 
     </span>
    </p>
   </div>
   <div class='ocr_carea' id='block_1_6' title="bbox 0 0 1494 5182">
    <p class='ocr_par' dir='ltr' id='par_1_7' title="bbox 0 0 1494 5182">
     <span class='ocr_line' id='line_1_37' title="bbox 0 0 1494 5182; baseline 0 0"><span class='ocrx_word' id='word_1_327' title='bbox 0 0 1494 5182; x_wconf 95' lang='lat' dir='ltr'><strong> </strong></span> 
     </span>
    </p>
   </div>
  </div>
 </body>
</html>
