2946 5182
519 383 548 428 c.
576 381 685 429 rursus
710 384 843 432 morou.
1241 368 1304 432 143

111 557 222 623 'cimon
251 551 322 638 ride
352 551 437 617 hand
466 551 679 641 spernendum
708 553 831 620 etiarnsi
861 552 1007 619 nonnihil
1031 553 1189 620 diversum
1213 577 1229 618 a
1253 577 1307 619 co-

116 676 206 755 dice,
231 676 265 740 in
288 672 426 740 editione
451 673 537 739 Maii.
588 671 801 741 Continentur
822 675 884 741 hoc
907 674 1006 741 libro:

162 797 184 862 f.
208 797 318 862 1-12
339 817 369 862 r.
407 793 451 861 Μ.
478 793 666 884 Andragesti
686 794 782 861 Tulhi
800 794 964 894 discipuli,
985 797 1049 862 imo
1070 797 1308 875 Fortunatiani,

118 931 155 983 ut
188 917 287 982 altera
318 937 430 981 manus
461 916 618 982 recentior
648 928 733 983 recte
763 915 899 996 addidit,
934 930 966 983 et
993 917 1149 982 librorum
1178 916 1309 982 Vsuh-

117 1039 302 1128 scriptiones
326 1036 459 1102 docent:
490 1035 528 1102 G.
552 1032 688 1104 CRIRII
716 1035 815 1127 [lege:
840 1034 943 1124 Curii]
962 1039 1184 1105 Fortunatiani
1205 1037 1309 1104 Scho-

118 1161 180 1226 lica
205 1158 263 1224 Ars
288 1157 424 1223 consulti
449 1157 629 1224 Rhetorica.

163 1281 186 1346 f.
213 1282 255 1344 12
272 1303 309 1361 ,u
334 1318 379 1328 —
404 1283 445 1344 32
471 1277 530 1344 Ars
555 1278 725 1345 Rhetorica
748 1279 849 1346 Maior
871 1277 907 1346 C.
935 1280 1008 1346 lulii
1031 1280 1180 1346 Victoris.

166 1402 189 1466 f.
217 1403 272 1466 32.
321 1398 549 1488 Fragmentum
572 1399 611 1466 de
635 1400 793 1467 Positione
818 1399 1005 1468 Stellarum.

164 1523 188 1587 f.
213 1525 255 1587 32
280 1543 310 1585 r.
359 1518 497 1585 Isidorus
519 1518 559 1585 de
583 1520 645 1587 vlt
670 1520 826 1586 Gradihus
851 1519 1152 1610 Consanguinitatis.
1267 1546 1269 1550 ·

166 1642 248 1708 Ibid.
299 1642 490 1731 Excerptmn
529 1664 566 1707 ex
603 1640 752 1708 Contrua.
790 1640 930 1708 Senecae
965 1642 990 1708 Ι.
1027 1646 1069 1720 2,
1105 1643 1144 1708 de
1180 1641 1310 1731 Virgine

119 1776 214 1854 capta
237 1775 270 1828 et
293 1764 481 1852 prostituta,
507 1785 589 1852 quae
612 1764 692 1853 petit
715 1763 937 1829 sacerdotium.

170 1884 307 1970 Quinam
347 1883 444 1949 fuerit
486 1883 593 1949 rhetor
627 1896 753 1964 noster,
789 1885 970 1973 ignoramus
1004 1883 1044 1948 ad
1079 1882 1166 1949 hunc
1212 1905 1312 1972 usque

120 2004 227 2082 diem,
259 2004 305 2069 ita
334 2016 371 2068 ut
398 2004 459 2070 hoe
491 2016 616 2070 tantum
647 2004 687 2070 de
719 2005 774 2069 illo
796 2017 935 2070 statuere
958 2005 1072 2082 liceat,
1097 2026 1171 2068 eum
1194 2003 1312 2071 bonam
1344 2053 1347 2059 -
1414 1977 1419 1987 Ι

120 2137 245 2216 partem
269 2124 431 2191 doctrinae
458 2148 532 2191 snae
555 2125 694 2191 hausisse
716 2148 753 2191 er
778 2125 988 2214 Hermagora,
1015 2122 1186 2202 Cicerone,
1213 2123 1314 2209 Quin·

70 2293 72 2296 ψ
120 2247 251 2323 tiliano,
286 2244 434 2334 Aquilio,
467 2247 693 2312 Marcomanno
725 2258 756 2312 et
792 2247 943 2338 Tutiam,
969 2268 1104 2334 quorum
1128 2247 1257 2313 nomina
1280 2248 1314 2311 in

122 2369 193 2458 ipso
226 2367 361 2433 Victoris
394 2367 477 2459 Artis
509 2366 601 2433 titulo
633 2367 813 2433 laudantur.
863 2367 942 2434 vide
973 2391 1055 2457 quae
1086 2367 1125 2432 de
1148 2367 1210 2433 hoo
1233 2368 1315 2433 libro

122 2489 249 2554 monuit
280 2488 382 2554 Maius
412 2490 446 2554 in
475 2489 670 2578 praefatione
701 2489 801 2560 Partis
833 2488 901 2567 Ill,
935 2487 1090 2555 Editionis
1115 2492 1159 2552 2⁰⁰
1186 2488 1315 2554 Tomil

125 2607 330 2676 Collectionis
364 2607 563 2700 Scriptorum
596 2587 760 2677 Veterum.
809 2609 901 2674 Hauc
932 2609 1104 2676 editionem
1137 2609 1314 2673 Romanam

124 2729 263 2799 Orellius
285 2731 411 2821 repetiit
436 2754 532 2820 quam
555 2731 789 2797 accuratissime
811 2732 846 2795 in
870 2729 914 2797 Μ.
941 2730 1037 2796 Tullii
1055 2728 1215 2796 Ciceronis
1237 2728 1315 2796 ndi,

98 2898 100 2902 ι
122 2852 212 2919 tione
234 2872 291 2916 sua
313 2851 437 2940 priore,
463 2851 524 2918 rol.
552 2851 593 2932 V,
618 2851 650 2917 id
670 2865 717 2918 est
736 2850 1022 2919 interScholiastas
1043 2851 1222 2931 Tullianos,
1243 2873 1316 2940 pars

58 2947 63 2959 ¹
124 2973 152 3039 Ι.
176 2994 249 3062 pag.
277 2974 466 3039 tea-267.
517 2973 607 3058 Quod
632 2996 689 3039 cur
711 2975 841 3053 fecerit,
866 2973 996 3040 difficile
1020 2973 1108 3039 dictu
1131 2985 1231 3051 asset,
1256 2972 1317 3037 nisi

125 3095 287 3184 duplicem
304 3093 399 3159 huius
421 3095 468 3165 rei
489 3116 617 3160 causam
641 3095 761 3161 scilicet
784 3097 850 3185 ipse
872 3096 1066 3186 protulisset:
1092 3095 1192 3184 «quia
1215 3117 1273 3185 per
1283 3117 1319 3159 se

125 3215 205 3282 facit
222 3214 331 3280 rhetor
350 3227 458 3281 noster
477 3214 516 3279 ad
532 3227 631 3281 totam
652 3216 746 3297 splen
768 3227 800 3282 et
820 3215 1000 3282 Tullianam
1019 3229 1051 3282 et
1069 3215 1318 3302 Quintiliaueam

127 3324 163 3404 et
195 3335 270 3426 quia
305 3336 402 3402 semel
437 3335 541 3403 adhuc
575 3337 616 3401 ah
652 3335 775 3426 Angelo
809 3337 893 3402 Maio
930 3337 1064 3424 (Romae
1101 3334 1200 3424 1823)
1238 3347 1318 3402 esset

127 3456 267 3524 editus.»
292 3457 453 3547 Quidquid
476 3471 538 3538 est,
563 3481 640 3524 cura
663 3456 775 3525 Orellii
796 3459 830 3525 in
852 3458 1028 3523 multorum
1050 3480 1163 3522 manus
1171 3457 1318 3546 pervenit

129 3576 267 3643 Victoris
309 3577 384 3657 Ars,
432 3580 522 3645 cuius
561 3578 699 3645 editione
734 3579 782 3644 uti
818 3579 937 3656 malui,
974 3590 1141 3668 postquam
1177 3590 1318 3666 repertus

130 3720 202 3764 sum
235 3697 313 3763 duas
336 3699 480 3765 exsistere
504 3698 656 3766 editiones
678 3701 856 3778 Romanas,
882 3721 1017 3788 quarum
1039 3699 1172 3788 utrique
1191 3697 1318 3765 chartae

128 3821 232 3887 forma
249 3834 296 3887 est
318 3823 352 3887 in
376 3821 610 3909 quarto„dum
633 3802 735 3888 textus
747 3821 849 3913 primo
862 3822 896 3886 in
909 3833 1019 3886 octavo
1041 3820 1128 3911 typis
1151 3792 1318 3886 mandatus

131 3943 212 4022 luit,
246 3942 285 4008 ad
315 3941 401 4032 quod
429 3942 608 4031 exemplum
639 3944 704 4032 ipse
734 3945 769 4009 in
796 3941 994 4009 Bibliotheca
1019 3941 1172 4009 Vaticana
1197 3942 1319 4008 confeci

130 4064 357 4143 collationem,
374 4078 481 4154 postea
505 4088 577 4130 vero
600 4064 704 4131 denuo
726 4064 828 4131 editus
848 4075 950 4130 textus
963 4061 1001 4127 ad
1013 4063 1147 4128 formam
1159 4064 1193 4128 in
1206 4075 1319 4152 quarto

131 4187 321 4253 constitutus
348 4198 408 4267 est3
443 4187 607 4276 utriusque
635 4185 780 4251 editionis
803 4184 933 4274 paginas
956 4183 1097 4256 laudatas
1120 4185 1262 4253 iuvenies
1285 4184 1318 4253 in

133 4305 310 4376 Collatione
332 4319 401 4396 post
424 4307 508 4373 locos
531 4306 593 4372 hac
617 4330 687 4373 mea
711 4327 806 4397 opera
830 4319 964 4372 sanatos.

178 4549 214 4615 ln
246 4550 313 4640 ipso
337 4550 501 4616 Prodemio
524 4573 597 4639 pag.
625 4550 689 4614 lac
709 4572 739 4614 v.
767 4554 784 4613 5
810 4548 961 4615 ridiculus
985 4571 1071 4614 error
1094 4559 1212 4624 exstat,
1238 4546 1318 4611 inci-

129 4676 179 4772 pit
214 4686 323 4743 auctor
353 4673 391 4738 de
423 4696 510 4740 more
538 4696 555 4738 a
588 4672 771 4740 definitione
803 4685 834 4740 et
857 4673 900 4740 sic
924 4671 1054 4738 oratoris
1078 4671 1218 4740 officium
1242 4667 1318 4770 dicit
