2946 5182
137 369 179 432 36
494 361 633 427 “cronno
659 376 700 427 nr
726 377 767 425 nr
792 377 944 426 raurici.

138 552 221 620 lueri
242 562 350 642 postea
375 562 505 616 conatus
528 562 585 616 est.
635 547 707 614 Non
731 552 882 617 assentior
904 548 974 628 illi,
1000 571 1072 613 nam
1098 547 1144 612 nil
1169 546 1256 613 alind
1280 559 1331 615 est

138 695 235 764 quam
258 672 379 762 primae
402 693 516 737 manns
539 692 627 736 error
649 682 734 737 recte
758 669 963 748 emendatus,
989 691 1048 736 nec
1067 691 1141 735 vero
1160 667 1330 757 illudque

137 817 196 885 pro
226 793 449 858 coniunctione
481 789 702 880 accipiendum
734 789 911 870 contendo,
939 812 1115 881 pronomen
1137 803 1194 857 est.
1244 789 1332 855 Tum

138 913 221 980 male
255 913 388 979 subiecit
423 912 542 978 Maius:
581 912 874 989 «inherentibus,
912 908 992 978 (lod.
1018 911 1085 978 sine
1107 909 1331 1002 diphthongo,

139 1033 194 1101 sed
221 1033 335 1101 deinde
366 1031 452 1099 haud
483 1032 547 1098 scio
576 1054 617 1095 an
653 1031 692 1096 sit
727 1029 929 1120 superaddita
964 1055 1004 1110 a,
1040 1030 1094 1097 sed
1117 1032 1240 1121 etipsa
1263 1043 1333 1097 ter-

139 1156 271 1221 minatio
307 1153 453 1219 vocabuli
486 1153 520 1217 in
556 1151 665 1217 codice
696 1163 743 1217 est
773 1151 948 1232 obscuram
978 1163 1010 1217 at
1042 1174 1123 1240 quae
1154 1164 1334 1217 comuntur

140 1298 234 1368 supra
267 1275 329 1341 hoc
364 1272 573 1351 vocabulum,
607 1284 679 1338 sunt
714 1272 859 1338 macrdae
893 1295 929 1337 ex
962 1271 1041 1336 alius
1072 1269 1235 1339 cuiusdam
1260 1272 1334 1338 folii

141 1397 296 1486 scriptura
331 1404 437 1473 ortae,
473 1415 551 1482 quas
583 1414 658 1458 cave
688 1413 746 1482 pro
778 1392 973 1458 correctione
1004 1390 1153 1482 accipias;
1189 1405 1236 1458 est
1267 1391 1334 1458 hoc

140 1517 259 1595 levius,
299 1536 408 1581 verum
449 1536 513 1579 non
554 1512 684 1580 ferenda
719 1511 843 1580 videtur
877 1510 954 1578 Maii
989 1511 1197 1602 negligentia,
1228 1515 1334 1603 parti·

142 1637 261 1728 cipium
290 1634 370 1701 illud
400 1634 492 1714 dico,
525 1633 610 1724 quod
641 1635 675 1699 in
707 1631 823 1700 (lodice
847 1655 912 1698 non
936 1632 1065 1721 legitur3
1091 1632 1188 1698 habet
1211 1655 1335 1723 nempe

143 1759 216 1825 satis
238 1757 415 1847 perspicue:
442 1780 465 1822 a
490 1757 608 1821 stellis
632 1759 700 1844 isq.
727 1754 824 1820 caela
848 1755 1072 1834 inhererent,
1094 1753 1178 1844 qnod
1191 1752 1231 1820 de
1241 1776 1335 1821 more

141 1880 262 1972 primae
295 1900 408 1944 manus
444 1876 591 1966 equidem
624 1877 669 1941 sic
692 1875 836 1965 legerim:
863 1898 886 1938 a
910 1875 1026 1940 atelhia
1048 1878 1099 1941 iis
1122 1897 1212 1964 qnae
1234 1875 1335 1942 eaelo

143 2001 365 2076 inhererent,
386 2009 456 2062 tum
472 1997 583 2063 deletis
607 1996 657 2062 all
678 1996 888 2085 suprascripta
911 2018 932 2060 r
955 1995 1076 2062 iactum
1101 2007 1159 2061 est:
1185 1996 1335 2062 eandem

144 2119 242 2186 illam
275 2115 489 2210 (sphaeram)
523 2119 640 2181 astria
672 2119 741 2194 iis,
773 2138 863 2203 quac
887 2116 981 2181 caelo
1006 2118 1228 2196 inhererent,
1254 2141 1336 2184 esse

143 2240 371 2330 descriptam.
420 2238 534 2304 Fateor
557 2236 716 2303 offendere
739 2259 915 2327 pronomen
939 2242 973 2303 is
992 2238 1041 2305 vel
1060 2242 1128 2318 iis,
1154 2237 1239 2328 quod
1259 2261 1336 2305 cor·

144 2372 247 2433 rector
266 2360 415 2450 expunxit
436 2359 587 2436 fortasse,
611 2357 665 2425 sed
689 2358 745 2424 ubi
769 2358 866 2425 codex
888 2358 985 2426 habet
1009 2382 1098 2448 qaae
1109 2361 1335 2442 inhererent,

144 2480 257 2549 editori
278 2505 343 2547 non
367 2481 442 2547 licet
466 2480 602 2547 scribere
624 2481 838 2572 participium.

190 2723 279 2791 XVI.
316 2721 431 2814 §.hh
480 2723 596 2813 Atque
630 2723 802 2790 eiusmodi
836 2724 1004 2812 quiddam
1039 2729 1157 2814 ettam.
1209 2723 1349 2816 Operae·

143 2846 282 2937 pretium
316 2845 376 2911 erit
413 2856 555 2924 notasse,
591 2843 676 2933 quod
707 2843 806 2909 hlaine
840 2845 983 2925 reticuit,
1016 2868 1034 2910 a
1066 2844 1204 2911 secunda
1233 2868 1338 2915 manu

144 2966 225 3032 illud
256 2966 337 3031 dam
368 2989 434 3031 esse
465 2964 661 3054 adscriptum
688 2965 765 3030 imo'
787 2964 941 3032 laterculo
975 2967 1086 3056 priori3
1112 2966 1223 3031 dubito
1245 2967 1338 3034 enim

145 3086 283 3177 possitne
308 3085 465 3173 ¹coniungi
496 3084 668 3150 eiusmodi
696 3085 864 3174 quiddam
876 3109 888 3165 ‚·
921 3098 990 3153 tum
1021 3086 1107 3176 quod
1142 3088 1339 3178 sequebatur

146 3207 180 3273 in
203 3205 313 3272 limine
337 3205 465 3271 alterius
487 3204 633 3271 laterculi
656 3219 729 3272 ante
753 3210 859 3271 etiam
883 3199 1015 3274 verbum
1034 3207 1124 3296 qaid
1140 3221 1338 3299 expunctum

48 3394 50 3398 Α
145 3339 205 3396 cst.
256 3328 325 3414 Qua
356 3326 498 3392 lectionis
529 3327 679 3393 varietate
710 3328 864 3394 acutiores
888 3329 1076 3395 sementiam
1099 3332 1338 3400 constructione

143 3449 288 3541 longiore
310 3448 506 3516 laborantem
530 3447 691 3515 adiuvent.

192 3691 276 3758 Ibid.
326 3689 454 3778 Itaque
485 3694 555 3755 etsi
591 3713 659 3755 noa
701 3696 794 3756 omni
831 3696 1121 3773 intermenstruo,
1153 3701 1268 3760 tamen
1297 3695 1342 3760 id

150 3813 262 3902 (solem
296 3810 470 3897 obscurari)
493 3811 587 3898 fleri
615 3834 683 3876 non
711 3835 821 3903 pasce
841 3817 916 3878 nisi
937 3823 1031 3879 certo
1062 3817 1338 3882 intermenstruo

150 3942 311 4024 tempore.
372 3924 501 3996 Notavit
538 3930 636 3996 licius
671 3932 807 3999 alterum
840 3933 920 4000 illud
954 3939 1226 4002 intermenstruo
1243 3952 1280 4001 'a
1315 3940 1336 4003 2

149 4075 248 4120 mann
275 4072 340 4118 esse
372 4047 533 4130 additum,
566 4064 651 4119 recte
681 4052 762 4119 illud
790 4055 935 4144 quidem,
960 4079 1070 4123 verum
1091 4057 1238 4148 fugerant
1261 4080 1338 4125 eum

149 4185 268 4266 puncta
298 4170 500 4261 praecedenti
523 4173 676 4239 vocabulo
699 4184 794 4240 carto
817 4174 1037 4265 superaddita,
1062 4177 1179 4267 quippe
1207 4190 1339 4268 propter

153 4292 322 4384 Augustini
345 4292 528 4359 «auferat»
550 4316 608 4384 pro
631 4308 721 4386 parte
744 4295 876 4363 evanida
897 4296 993 4363 facta.
1042 4295 1193 4387 Sequitur
1214 4297 1339 4366 hincin

152 4416 259 4482 houm
289 4413 436 4480 vocabuli
462 4425 557 4481 certo
580 4417 711 4484 subiisse
735 4423 1027 4524 intermenstruo,
1055 4419 1140 4509 quod
1163 4423 1339 4489 sententiae

152 4535 266 4604 melius
293 4537 462 4604 convenire
486 4538 564 4605 mihi
587 4539 731 4620 videtur,
757 4564 829 4607 nam
855 4542 899 4607 sic
923 4565 1050 4633 quoque
1073 4544 1226 4633 oppositio
1255 4541 1339 4609 bene

153 4682 188 4726 sc.
202 4654 311 4725 habet.
