2946 5182
154 363 216 426 184
623 377 732 425 ruerus
757 375 861 424 rems.

148 550 251 614 notari
268 549 423 627 solemus,
448 548 550 614 aditus
571 571 635 613 non
654 547 760 626 datur,
782 546 835 612 sed
856 547 911 633 qui
931 543 1147 611 Bibliothecae
1170 546 1335 612 Praefecto

147 667 296 758 patebat,
334 671 359 734 si
392 671 455 734 ianr
491 669 594 748 Maio,
631 670 779 757 inquam,
802 667 944 732 libuisset
966 666 1107 732 evolvere
1131 665 1248 732 Indicis
1271 666 1337 731 Va-

146 789 245 854 ticani
271 803 392 879 partem
426 791 592 868 Latinam,
624 812 695 854 mor
719 789 887 853 invenisset
911 786 1059 876 Pighinm
1083 787 1222 854 hausisse
1246 787 1337 853 Libri

148 908 194 975 IX
227 909 455 976 Praelationem
481 911 590 988 illam,
616 933 697 998 quae
720 909 808 975 abest
831 909 864 972 in
889 909 996 974 codice
1020 921 1147 988 nostro,
1172 932 1210 974 ex
1236 909 1336 974 altero

144 1028 199 1095 illo
229 1030 347 1096 Paridis
378 1030 459 1096 libro
489 1031 704 1119 manuscripto
735 1030 876 1117 integro,
913 1029 968 1116 qui
991 1029 1051 1093 fuit
1074 1028 1178 1093 Fulvii
1210 1028 1334 1106 Ursini;

144 1149 228 1214 unde
260 1151 464 1216 Praefationis
496 1151 664 1217 lectionem
694 1149 776 1213 infra
805 1149 974 1237 proferam.
1023 1146 1111 1212 Idem
1134 1147 1189 1213 ille
1214 1148 1336 1237 Komp-

145 1268 223 1335 fiurn
253 1271 381 1337 latuisse
413 1270 556 1349 ridetur,
587 1270 710 1336 etiamsi
741 1270 903 1335 Valerium
935 1292 1061 1358 quoque
1093 1269 1237 1334 continet
1261 1291 1335 1334 cum

144 1391 241 1458 Libro
275 1392 331 1456 illo
371 1392 410 1457 de
443 1392 719 1481 praenominibus,
765 1393 853 1456 cuius
894 1390 973 1456 haec
1008 1391 1196 1479 subscriptio
1232 1391 1335 1455 notari

142 1523 244 1599 potest
278 1512 320 1578 f⁰.
343 1515 409 1577 213
427 1535 459 1577 r.
507 1512 622 1577 «Finis
645 1511 764 1577 Valerii
787 1513 916 1576 Maximi
939 1512 1020 1576 liber
1143 1509 1288 1576 decimus
1304 1523 1334 1576 et

143 1631 275 1696 ultimus
305 1632 387 1697 linit.
438 1633 499 1717 Qui
526 1631 607 1697 liber
636 1656 695 1723 per
722 1631 840 1698 lulium
872 1632 1020 1698 Paridem
1046 1631 1190 1698 eiusdem
1213 1631 1334 1697 Valerii

143 1750 336 1818 abreviatore
361 1753 536 1817 abreviatas
550 1765 617 1850 rest.
667 1754 749 1819 Lens
773 1754 812 1818 sit
835 1752 907 1819 deo.
956 1753 1096 1818 Amen.»

186 1870 335 1962 Superest
358 1886 393 1939 ut
417 1897 564 1940 moneam
583 1873 622 1939 de
642 1874 835 1952 Collatione,
853 1896 949 1962 quam
967 1874 1234 1938 accuratissimam
1253 1895 1333 1938 eon·

140 1993 255 2059 fectum
278 1994 331 2058 hic
356 2017 428 2059 vero
451 1994 626 2060 breviorem
644 1994 789 2072 exhibe03
811 2016 995 2083 persuasum
1008 1995 1092 2060 enim
1104 1992 1184 2058 mihi
1196 2006 1243 2059 est
1256 2016 1331 2058 nos·

141 2126 225 2179 trum
258 2138 322 2180 esse
351 2114 478 2180 chartae
498 2137 627 2204 parcere
651 2115 684 2178 in
708 2114 886 2179 adnotanda
909 2114 1052 2180 lectionis
1076 2115 1227 2180 varietate
1253 2137 1329 2180 auc·

141 2235 235 2312 toris,
262 2234 362 2323 qualis
386 2247 433 2300 est
453 2235 552 2300 Iulius
573 2235 669 2300 Paris.
709 2236 790 2301 Tum
801 2236 945 2325 improbo
959 2236 1034 2301 Maii
1047 2258 1204 2300 summam
1216 2235 1326 2301 incon·

141 2355 287 2419 stantiam
310 2356 343 2420 in
363 2355 433 2420 loco
449 2354 488 2421 de
508 2355 750 2445 orthographia,
771 2358 805 2421 in
819 2380 881 2445 qua
894 2354 1089 2422 emendanda
1103 2356 1201 2421 altera
1215 2379 1327 2422 manus

140 2476 221 2542 bene
252 2477 388 2555 meruit,
420 2477 508 2541 cuius
524 2476 751 2542 correctionem
774 2479 950 2566 promiscue
975 2500 1047 2542 cum
1070 2478 1192 2566 primae
1215 2500 1327 2543 manus

140 2596 296 2661 erroribus
327 2597 359 2661 in
391 2609 512 2662 textum
545 2598 612 2662 sine
643 2597 708 2661 ulla
740 2597 848 2686 regula
868 2598 998 2686 recepit.
1047 2597 1171 2676 Libuit,
1197 2609 1233 2662 ut
1257 2599 1329 2686 qui-

139 2716 272 2781 busdam
303 2739 369 2782 mos
404 2729 549 2806 geratur,
585 2718 619 2782 in
647 2717 853 2783 Collationem
876 2719 992 2784 referre
1012 2717 1167 2806 quidquid
1188 2718 1326 2784 secunda

139 2814 251 2902 rrienus
283 2838 434 2916 correxit,
467 2838 519 2902 cui
554 2838 671 2903 tributa
706 2839 800 2903 velim
835 2840 960 2917 omnia,
986 2860 1067 2926 quae
1091 2848 1155 2902 noir
1179 2861 1197 2902 a
1222 2841 1323 2928 prima

138 2982 236 3024 manu
258 2958 348 3023 rideo
369 2981 433 3023 esse
454 2956 633 3037 emendata;
661 2981 741 3047 quae
767 2982 866 3047 quum
890 2959 990 3024 Maius
1015 2959 1187 3048 receperit,
1212 2982 1325 3048 operae

138 3079 276 3168 pretium
306 3078 380 3142 duxi
410 3079 530 3167 primae
560 3102 672 3144 manus
696 3081 883 3169 scripturam
907 3092 1033 3158 notare,
1059 3102 1122 3168 quo
1146 3079 1261 3145 melius
1287 3081 1325 3146 de

117 3235 120 3240 Δ
140 3212 314 3264 correctore
334 3199 505 3278 iudicetur3
532 3222 681 3280 numero,
707 3218 802 3289 quem
822 3200 950 3268 lectioni
962 3200 1131 3290 adscripsi,
1155 3202 1249 3268 facile
1262 3203 1325 3268 dis-

138 3319 303 3407 tinguitur.
354 3317 470 3384 Sedulo
502 3332 611 3385 contra
642 3322 765 3386 silentio
792 3323 889 3411 pressi
925 3345 1006 3410 quae
1036 3323 1070 3386 in
1101 3321 1327 3412 orthographia

139 3451 269 3527 peccata
305 3438 353 3503 illi
390 3439 586 3519 riderentur,
625 3464 666 3506 ne
698 3443 732 3505 in
762 3443 951 3508 immensum
984 3441 1117 3509 Collatia
1150 3457 1325 3523 cresceret,

140 3559 256 3625 sufficit
279 3560 365 3625 enim
390 3560 483 3625 verbo
506 3561 564 3625 ista
589 3562 694 3626 omnia
716 3561 770 3626 hic
792 3576 925 3629 notasse.

186 3678 246 3746 Oui
277 3704 391 3768 quaeso
422 3682 584 3747 inserviret
614 3682 792 3771 longissima
820 3683 963 3749 locorum
995 3685 1104 3763 series,
1134 3685 1191 3749 ubi
1223 3686 1326 3752 Maius

140 3800 217 3889 sigla
240 3801 284 3866 ita
308 3801 511 3890 explicuerit,
537 3815 572 3868 nt
595 3803 688 3868 modo
706 3806 873 3894 populum
898 3805 1108 3885 Romanum,
1133 3810 1189 3870 rei
1206 3809 1326 3897 publi-

140 3943 220 4000 cae,
255 3923 411 3987 tribunos
428 3922 569 4013 plebis,
600 3925 790 4003 consulem,
823 3927 1059 4006 consularem,
1085 3929 1326 4007 consulatum,

140 4054 243 4107 cetera
274 4043 438 4118 scriberet,
463 4043 556 4108 modo
581 4042 704 4109 easdem
728 4066 818 4109 voces
840 4067 897 4133 per
919 4046 1036 4135 primas
1058 4059 1183 4111 tantum
1203 4048 1326 4114 litteras

139 4161 349 4251 significaret,
383 4163 437 4228 sed
468 4164 588 4230 ratione
620 4188 637 4228 a
671 4163 799 4229 librario
834 4165 971 4230 diversa
993 4178 1047 4230 aut
1078 4165 1169 4231 aliter
1198 4170 1327 4255 punctis

140 4282 314 4373 adscriptis.
374 4283 525 4350 Convenit
575 4284 663 4375 istius
717 4285 926 4374 negligentiae
969 4286 1089 4351 notatio
1123 4287 1157 4350 in
1192 4309 1328 4354 censura

141 4404 216 4470 Maii
238 4426 386 4493 operum,
416 4428 492 4470 nam
516 4404 617 4471 editor
639 4408 672 4471 in
696 4406 810 4470 talibus
834 4406 1034 4471 librariorum
1057 4407 1271 4473 inconstantia
1297 4435 1328 4477 se

138 4537 296 4614 praestare
331 4526 440 4605 debet,
475 4539 506 4592 et
535 4528 639 4592 omnia
663 4527 816 4616 explicata
839 4528 920 4617 typis
945 4527 1039 4606 dare,
1068 4540 1176 4593 eontra
1201 4530 1236 4594 in
1260 4532 1330 4597 col·

139 4644 256 4712 latione
287 4668 350 4712 non
379 4647 510 4727 veniunt
540 4647 573 4713 in
604 4671 732 4716 censum
745 4697 754 4728 ,
784 4648 844 4714 nisi
873 4648 957 4738 quod
990 4649 1089 4715 Maius
1122 4648 1170 4727 V,
1204 4654 1224 4715 4
1256 4650 1282 4740 g
1309 4658 1329 4718 8
