2946 5182
607 378 708 425 arras
734 377 874 426 coorcrs.
1283 361 1322 422 21

138 573 245 642 neque
274 547 417 617 Osannus
445 570 550 637 neque
574 549 741 638 quisquam
766 551 799 615 in
822 548 910 613 libris
933 548 1154 637 manuscriptis
1178 547 1325 635 aliquan·

137 674 237 763 tisper
263 683 421 749 uersatus,
453 667 561 735 hercle
590 667 671 734 mihi
701 669 761 735 erit
791 667 964 750 docendum
991 669 1193 735 consentiunt
1217 689 1326 734 omnes

138 793 172 858 iu
197 793 286 858 istius
309 790 444 857 nationis
467 787 650 878 stupiditate
664 801 695 855 et
715 787 800 878 quod
819 790 909 879 peius
929 801 975 856 est
990 790 1219 869 inconstantia,
1240 787 1326 854 unde

138 924 274 1004 quantas
297 911 405 978 turbas
428 912 461 976 in
473 910 544 976 loco
567 909 606 975 de
629 909 855 1000 orthographia
878 911 1062 990 excitarint,
1082 909 1220 999 optimus
1243 909 1327 999 qnis-

139 1057 204 1124 que
233 1033 330 1100 codex
354 1031 567 1110 demonstret,
592 1041 624 1097 et
648 1031 788 1098 Tulliani
809 1031 912 1121 operis
935 1031 1061 1098 collatio
1084 1052 1172 1097 nunc
1195 1029 1326 1097 demum

137 1155 262 1245 integra
296 1176 387 1243 spero
421 1152 488 1219 fore
522 1163 558 1216 ut
592 1152 727 1217 evincat.
777 1148 928 1231 Accedit,
965 1150 1050 1240 quod
1083 1148 1228 1217 Osannus
1252 1173 1327 1218 suae

139 1275 282 1366 opinioni
315 1272 480 1339 indulsisse
515 1270 659 1351 videtur,
695 1271 834 1338 scribens
868 1270 1127 1362 orthographiam
1169 1284 1269 1337 totam
1308 1294 1327 1336 a

139 1396 258 1464 saeculi
280 1393 508 1487 consuetudine
530 1392 691 1483 pendere,
721 1392 869 1459 dirimere
891 1394 977 1458 enim
1000 1415 1065 1458 non
1088 1390 1203 1484 poteris
1227 1416 1328 1482 quae·

139 1540 215 1582 nam
245 1516 371 1582 saeculo
399 1514 568 1581 tribuenda
598 1515 680 1594 sint,
705 1537 863 1604 quaenam
886 1513 995 1580 sedulo
1017 1513 1197 1580 describens
1220 1538 1327 1580 erem·

138 1639 229 1729 plum
252 1639 392 1703 imitatus
420 1659 511 1701 suum
531 1635 678 1702 librarius
700 1637 885 1724 antiquioris
909 1658 982 1701 usus
1002 1637 1169 1702 servaverit
1180 1636 1324 1726 vestigia;

110 1748 113 1759 ¹
139 1759 304 1847 utriusque
325 1759 375 1824 rei
398 1769 583 1847 argumenta
607 1757 666 1823 sibi
687 1755 811 1823 videtur
829 1758 984 1824 invenisse
1004 1755 1149 1824 Osaunus
1168 1759 1200 1823 in
1214 1749 1327 1824 eodem
1372 1783 1375 1789 ’

139 1892 246 1945 nostro
276 1879 404 1958 codice,
437 1891 469 1945 ct
499 1878 533 1944 in
557 1877 646 1944 nullo
670 1901 734 1943 nou
757 1879 916 1957 inveniet,
941 1878 1063 1968 opinor.
1113 1877 1325 1958 «latinius,

140 2001 186 2066 sic
219 2001 322 2091 pergit
356 1999 431 2078 ille,
467 1999 522 2089 qui
559 1999 658 2064 solam
691 1998 968 2089 palaeograpbiam
998 2001 1151 2089 respexit,
1184 2001 1327 2090 exemplo

141 2143 198 2188 suo
229 2120 367 2188 ostendit
399 2143 494 2210 quam
518 2142 652 2210 parum,
678 2121 734 2210 qui
756 2119 817 2185 hac
841 2142 905 2185 una
928 2120 979 2185 ria
1000 2120 1147 2202 incedat,
1171 2123 1326 2210 proficere

141 2254 276 2333 queat.»
324 2240 530 2307 Verissimum
567 2240 651 2320 hoc,
684 2240 738 2306 sed
761 2241 901 2306 constitit
925 2240 1027 2307 Maius
1050 2242 1084 2307 in
1107 2243 1327 2331 magnitudine

140 2363 319 2428 litterarum
357 2383 531 2450 earumque
560 2360 799 2450 pulchritudine
825 2360 1005 2441 laudanda,
1034 2384 1099 2428 non
1129 2364 1329 2454 investigarit

139 2483 276 2549 formam
296 2504 357 2548 nec
381 2493 485 2548 cetera
508 2479 645 2560 indicia,
671 2503 752 2569 quae
775 2492 886 2570 sponte
906 2481 1104 2547 sentierunt.
1141 2482 1329 2551 Accuratius

141 2602 182 2669 ad
211 2604 385 2693 scripturae
412 2625 511 2692 genus
542 2600 675 2668 attendit
707 2598 870 2679 Osannus,
903 2624 966 2690 quo
990 2614 1076 2668 certo
1100 2603 1181 2671 duce
1205 2607 1269 2671 iam
1291 2631 1329 2673 co

140 2724 285 2816 persenit
318 2736 350 2789 et
384 2735 469 2790 recte
504 2724 651 2802 omnino,
686 2734 723 2787 ut
757 2720 906 2788 Sallustio
942 2722 1096 2788 Vaticano
1131 2736 1163 2790 ct
1185 2726 1327 2794 Mediceo

142 2845 276 2937 Virgilio
305 2857 448 2911 nostrum
476 2845 617 2911 codicem
641 2845 850 2911 recentiorem
873 2867 938 2910 esse
961 2845 1119 2934 posuerit,
1144 2850 1329 2935 praesertim

142 2979 272 3058 propter
293 2967 416 3033 litterae
440 2985 461 3031 n
484 2966 619 3032 formam
643 2964 846 3055 angularem,
878 2966 929 3031 cui
953 2964 1119 3032 rotundior
1141 2969 1258 3034 novitia
1282 2983 1330 3038 est

141 3090 175 3156 in
200 3088 346 3155 Tulliano
368 3087 468 3167 libro,
492 3089 588 3153 etiam
611 3088 710 3177 magis
734 3099 862 3153 curvata
885 3086 919 3152 in
943 3087 1077 3177 Digestis
1089 3089 1220 3156 Pisanis.
1248 3092 1330 3159 Turn

143 3210 283 3277 subsistit
306 3210 340 3274 in
363 3208 433 3275 loco
457 3208 496 3274 de
520 3207 714 3298 compendiis
734 3208 810 3273 etin
823 3207 921 3274 altero
933 3208 988 3274 illo
1000 3207 1039 3275 de
1051 3210 1327 3301 interpunctione,

142 3345 279 3422 utroque
307 3329 479 3395 admodum
506 3329 647 3411 lubrico,
678 3352 760 3420 quae
791 3329 922 3395 indubia
944 3342 1125 3421 temporum
1148 3332 1330 3401 discrimina

143 3465 283 3521 aetatum
310 3465 400 3517 notas
431 3474 495 3516 non
526 3450 673 3541 prodant.
721 3452 779 3517 llis
809 3453 917 3541 itaque
944 3475 1010 3519 uon
1037 3466 1203 3520 contentus
1227 3455 1330 3522 codici

142 3573 251 3640 locum
274 3573 431 3662 assignare
454 3595 492 3639 ea
515 3595 643 3662 quoque
666 3570 706 3673 dc
729 3594 823 3637 causa
846 3573 992 3652 dubitat,
1014 3572 1099 3662 quod
1122 3597 1216 3640 nemo
1239 3576 1329 3643 nobis

142 3706 296 3786 praestet,
322 3695 485 3782 antiquam
509 3692 667 3759 scribendi
689 3695 844 3760 rationem
862 3694 1028 3760 librarium
1052 3695 1159 3784 aliqua
1183 3695 1222 3763 de
1235 3720 1330 3765 causa

142 3839 209 3881 non
239 3838 304 3881 esse
335 3815 506 3881 imitatum.
556 3812 598 3878 At
627 3812 735 3878 locum
765 3812 887 3880 obtinet
918 3813 972 3880 ille
1001 3837 1069 3879 mos
1100 3815 1133 3880 in
1165 3815 1329 3909 Scriptura

144 3935 242 4004 Sacra
270 3936 454 4026 praesertim
482 3935 592 4000 autin
618 3933 742 4000 Sanctis
765 3934 911 4000 Patribus
932 3933 1145 4002 describendis
1168 3939 1201 4003 in
1225 3955 1330 4010 certae

143 4056 308 4124 cuiusdam
331 4057 482 4123 ecclesiae
506 4068 560 4121 aut
582 4056 733 4145 principis
752 4078 864 4135 usum,
890 4079 1014 4122 necnon
1037 4057 1125 4123 iniis
1146 4059 1327 4144 codicibus,

144 4179 201 4269 qui
223 4179 354 4269 picturis
377 4177 480 4244 ornati
503 4177 655 4242 maiorem
680 4199 788 4243 curam
821 4190 852 4243 et
881 4178 1063 4268 peritiorem
1084 4179 1249 4248 librarium
1269 4185 1330 4252 sibi
1404 4211 1407 4215 ’

142 4299 338 4391 postulantes
356 4298 395 4364 ad
413 4298 587 4388 perfectam
605 4297 790 4385 antiquioris
809 4298 981 4388 scripturae
998 4299 1167 4388 imaginem
1183 4304 1330 4373 conficie-

142 4419 281 4501 bantur,
312 4433 349 4487 ut
380 4419 503 4485 codices
530 4418 570 4485 de
593 4442 627 4485 re
649 4417 792 4498 medica,
816 4418 977 4486 herbarios
1000 4421 1089 4501 dico,
1114 4423 1190 4489 alios
1215 4428 1330 4515 quibus

143 4539 294 4631 equidem
324 4541 480 4631 subiungo
513 4562 549 4606 ex
582 4538 779 4606 Bibliotheca
803 4540 906 4630 Lugd.
932 4541 1003 4607 Bat.
1028 4541 1215 4611 Vossianum
1237 4548 1328 4616 illurn
1398 4574 1404 4583 ·

144 4664 179 4728 in
209 4663 245 4750 q⁰
274 4667 335 4743 79,
368 4663 423 4754 qui
456 4660 570 4729 Aratea
594 4663 748 4743 eontinet3
776 4661 828 4729 sed
852 4684 917 4730 non
941 4661 1024 4728 cadit
1047 4663 1108 4731 hoc
1131 4666 1164 4732 iu
1189 4681 1330 4736 nostrum
