2946 5182
676 336 766 348 ·-
1281 323 1315 369 tx

127 519 232 604 priore
256 518 429 602 scripturo,
453 525 482 581 et
504 519 548 582 sic
568 539 638 582 meo
664 519 793 585 Cothotio
810 523 931 604 possim
957 523 1055 587 tentni
1083 521 1225 588 Toottiano
1241 545 1313 610 pro·

131 669 219 734 desse
248 668 373 753 poterit.
421 667 460 732 In
488 690 548 754 quo
581 670 768 735 choborando
796 693 893 758 quiem
926 693 1085 751 versarer,
1116 674 1210 759 firmo
1234 675 1316 759 omcd

129 842 181 884 me
211 829 284 885 nato
307 829 352 885 est
374 820 506 905 suspicio
530 817 650 885 Maium
675 843 735 886 nou
759 830 855 886 totum
879 823 995 888 tibrum
1023 824 1122 889 altera
1152 824 1217 890 oice
1240 845 1314 889 eua-

132 972 286 1048 minosse,
313 991 421 1035 oerorm
444 971 509 1036 iom
535 971 706 1036 substitisse
725 973 759 1035 in
781 972 822 1036 iis
845 973 937 1051 iocis,
963 995 1038 1060 quos
1061 976 1123 1039 oiri
1146 975 1226 1040 docti
1251 976 1317 1062 oni·

135 1131 281 1188 laverant.
305 1120 388 1186 Hinc
404 1122 537 1186 aiteram
557 1121 720 1187 editionem
735 1144 807 1188 cave
822 1145 860 1187 ne
878 1143 935 1208 pro
955 1125 1122 1211 archetypo
1134 1124 1264 1202 habeas,
1283 1134 1318 1190 ut

135 1273 201 1337 oiro
224 1273 309 1337 docto
325 1271 486 1336 uidebatur
509 1271 554 1360 (p.
577 1271 667 1360 668).
715 1271 779 1338 Nec
798 1273 873 1339 odeo
893 1274 1043 1352 coccoihit,
1067 1284 1102 1338 ut
1123 1295 1192 1340 cum
1213 1273 1318 1340 codem
1363 1241 1366 1248 ¹

137 1423 182 1511 (p.
204 1422 281 1511 668)
299 1443 469 1508 queramur
492 1442 561 1486 eom
579 1422 674 1486 nimis
696 1422 792 1488 latere
804 1426 837 1487 in
846 1424 1036 1509 procurandi
1046 1422 1124 1489 Maii
1140 1425 1316 1490 collectione

131 1574 329 1638 diversorum
349 1582 510 1638 erectorum
519 1595 529 1646 ;
548 1593 641 1657 quom
662 1576 821 1659 antecedam
841 1576 938 1640 miror
954 1574 1091 1640 Parisiis
1108 1597 1173 1639 esse
1190 1587 1318 1655 motam,

134 1724 191 1788 orbi
216 1725 251 1787 in
281 1725 482 1790 celeberrimo
503 1723 697 1790 Bibliotheca
721 1724 819 1813 Recio
839 1726 962 1790 nuttam
980 1748 1020 1790 en
1038 1726 1137 1790 tribus
1156 1725 1234 1792 Maii
1254 1728 1307 1795 Coi

137 1877 317 1942 lectionibus
347 1877 502 1964 intrarem
532 1876 671 1941 inuenire
704 1876 783 1942 mihi
813 1877 902 1942 licuit
920 1899 1001 1944 onno
1027 1883 1132 1952 1857,
1150 1880 1200 1945 cui
1219 1841 1319 1966 desec-

137 2028 199 2105 tui,
231 2048 289 2113 quo
329 2037 400 2092 tum
430 2026 521 2092 ualde
551 2027 743 2114 impediebor
771 2027 867 2093 libros
890 2033 1121 2115 manuscriptos
1145 2030 1192 2094 rei
1216 2051 1320 2115 aram·

137 2154 272 2244 moticoe
311 2180 345 2243 in
382 2179 441 2243 itio
482 2177 668 2244 bibliotheca
703 2200 907 2257 asbcessurus,
946 2201 996 2245 me
1026 2180 1150 2246 tandem
1182 2190 1322 2246 monente

138 2351 318 2396 succursum
342 2339 396 2395 ost.

183 2480 224 2546 Ar
256 2502 363 2546 censor
390 2490 492 2546 noster
521 2481 654 2544 obteram
685 2479 827 2545 adhibuit
854 2481 1019 2546 editionem
1048 2481 1233 2561 Romoroom,
1257 2485 1321 2549 imo

137 2631 217 2698 Maii
237 2641 341 2710 notos,
368 2654 446 2719 qrcas
472 2632 518 2719 (p.
544 2631 623 2718 667)
648 2641 729 2698 recte
753 2633 869 2696 sommi
888 2633 1036 2697 momenti
1055 2653 1120 2696 esse
1143 2635 1319 2710 contendit,

144 2785 285 2872 «quippe
308 2805 386 2869 quae
403 2784 530 2849 editoris
549 2783 732 2868 stupendam
759 2791 907 2849 testentur
931 2780 1144 2848 eruditionem.
1181 2783 1221 2847 In
1248 2806 1321 2870 quoa·

144 2957 243 3000 «mom
271 2958 333 3001 uno
360 2937 415 3013 iis,
446 2935 486 3000 od
511 2956 587 3022 quos
612 2935 821 3000 Romanorum
843 2935 994 3000 ruderum
1017 2935 1210 3021 inoestiaotio
1228 2938 1322 3023 perti·

144 3097 242 3165 «net,
275 3083 376 3152 locum
403 3087 537 3164 indicat,
567 3087 620 3151 ubi
652 3085 756 3152 credat
788 3087 925 3151 conditos
956 3087 1057 3152 odhroc
1090 3089 1189 3152 iacere
1213 3108 1323 3152 aeneos

145 3238 293 3304 «tabulas
321 3235 380 3300 XV
401 3237 535 3301 circem.»
588 3237 662 3302 Non
681 3257 810 3324 possum
830 3238 905 3322 quin
928 3237 1100 3314 maculam,
1125 3258 1186 3321 quo
1205 3239 1323 3322 impru-

139 3390 246 3455 denter
280 3409 419 3454 summus
450 3387 551 3453 Italics
582 3387 799 3474 adsperyitur,
832 3387 953 3461 eduam·
981 3390 1104 3474 somam
1126 3388 1210 3451 enim
1231 3390 1324 3453 istum

140 3540 178 3605 do
211 3538 278 3605 XII
311 3541 425 3605 tabuiis
452 3541 485 3603 in
516 3538 664 3624 Capitolio
695 3538 824 3624 seprdtis
846 3539 887 3602 iis
909 3535 1064 3603 Maurinis
1086 3537 1247 3615 debemus,
1269 3540 1323 3625 qui

140 3690 307 3778 Aorarcstini
331 3699 515 3756 curaverunt
538 3689 720 3767 editionem,
748 3711 840 3776 qnoom
859 3689 913 3754 ubi
936 3687 1039 3754 Maius
1058 3689 1236 3768 subridens,
1260 3691 1325 3776 opi·

140 3864 211 3918 nor,
245 3841 426 3928 descripsit,
450 3861 571 3906 sumrrm
594 3840 663 3904 iuro
685 3838 806 3905 addidit
828 3838 961 3906 Gerros!
1011 3838 1123 3903 Contra
1145 3839 1227 3925 quod
1246 3861 1326 3933 euno

143 3996 229 4060 loto
250 4015 382 4082 manus
404 3993 461 4058 ilie
480 3993 617 4080 impense
638 3991 745 4057 orabat
765 3989 822 4056 Rei
841 3989 996 4056 Romanae
1016 3990 1218 4077 Antiquorioc
1231 3998 1323 4076 proe'-

141 4145 259 4222 sidem,
283 4145 493 4210 charissimum
517 4142 632 4220 Fcam,
652 4151 686 4206 ot
709 4142 774 4206 sine
797 4162 884 4206 mora
907 4142 1165 4229 inoestiqorcutur
1185 4142 1218 4206 in
1240 4142 1324 4206 Aede

142 4295 215 4361 Dici
242 4294 319 4360 ludii
343 4293 509 4360 Fastorum
535 4294 776 4380 Capitolinorum
799 4292 968 4370 laterculo,
995 4293 1074 4357 serio
1103 4292 1219 4358 dictum
1242 4302 1323 4371 erat,

141 4469 197 4513 neo
225 4449 373 4526 absurdo,
409 4468 482 4513 nam
515 4468 594 4512 ouno
624 4450 709 4513 1849
745 4467 779 4510 re
809 4466 882 4509 cera
903 4444 959 4509 sub
982 4443 1146 4508 ruderibus
1169 4443 1325 4510 Basilicue

142 4599 246 4666 Iuliae
277 4602 427 4689 continuis
451 4610 573 4667 eructum
598 4609 642 4664 est
665 4599 829 4665 Fastorum
857 4596 985 4683 bolionii
1009 4595 1214 4664 Sacerdotaiis
1237 4599 1323 4683 fraq-
