2946 5182
153 356 216 418 168
623 370 732 419 ructus
756 371 862 418 ranis.

150 542 329 633 redarguit,
365 543 397 606 in
433 542 500 608 aliis
533 537 694 610 uumerus
715 555 823 609 contra
853 541 973 607 Maium
1003 541 1089 608 facit.
1140 541 1184 607 Ut
1208 537 1340 605 chartae

150 686 298 753 paream,
332 663 427 728 verbo
448 665 600 754 attingam
625 665 737 731 seriem
760 664 902 729 locorum
925 663 958 727 in
982 662 1096 750 quibus
1119 661 1181 727 hoe
1207 661 1341 724 nomine

149 783 240 849 illurn
263 807 407 873 peccasse
429 786 564 875 repperi.

146 954 149 959 -
194 903 247 970 Sic
269 906 422 971 absonum
445 919 509 982 est,
535 907 596 971 nisi
619 929 709 972 aures
731 929 782 972 me
803 906 938 985 fallunt,
964 905 1048 994 quod
1067 904 1213 969 hocloco
1226 913 1339 968 contra

148 1025 288 1091 codicem
318 1024 464 1092 dederat:
499 1049 520 1089 «
529 1025 611 1092 duae
641 1026 766 1115 aquilae
796 1050 833 1092 er
863 1025 989 1092 dirersis
1024 1026 1133 1091 castris
1168 995 1339 1089 advolare-

148 1160 238 1226 runt,
275 1160 307 1213 ct
341 1146 425 1213 edita
459 1149 541 1213 iuter
572 1171 603 1212 se
626 1170 753 1237 pugna,
778 1170 814 1212 ea
838 1170 919 1235 quae
943 1170 961 1211 a
984 1158 1072 1236 parte
1096 1145 1187 1211 Bruti
1209 1145 1338 1221 fuerat,

146 1268 230 1333 male
261 1268 358 1358 fugit
386 1269 578 1333 mulcato.»
625 1268 723 1357 Atqui
746 1268 825 1333 baec
846 1267 941 1333 rerba
964 1278 1230 1357 transponantur,
1257 1287 1338 1330 con-

146 1400 194 1451 tra
222 1387 360 1454 dubitari
389 1401 492 1478 potest
522 1387 576 1453 de.
593 1388 665 1455 Lib.
698 1387 748 1466 Il,
773 1387 848 1477 Gap.
878 1394 892 1453 1
921 1391 938 1473 §
965 1392 1026 1465 45,
1052 1387 1109 1452 ubi
1132 1386 1236 1452 Maius
1260 1408 1339 1451 cum

145 1508 273 1575 Valerio
309 1514 329 1574 6
366 1513 383 1595 §
420 1513 439 1574 7
477 1510 618 1599 scripsit:
655 1510 742 1597 «qui
777 1531 885 1573 causas
915 1507 1079 1586 exhibuit,
1103 1519 1235 1597 propter
1255 1528 1338 1595 quas

146 1651 231 1694 mors
254 1633 305 1694 sit
317 1630 377 1694 illi
387 1629 605 1720 expetendam
629 1629 725 1695 codex
746 1630 960 1708 numerosius,
981 1630 1015 1693 ni
1034 1628 1146 1707 fallor,
1172 1651 1193 1690 «
1206 1628 1268 1691 illi
1285 1630 1338 1691 sit

145 1762 275 1839 expet.»
323 1750 393 1816 Lib.
427 1750 491 1829 ΙΙΙ,
521 1750 596 1840 Gap.
626 1756 686 1838 ὃς
716 1751 856 1816 4codex
880 1774 953 1816 eum
974 1750 1099 1814 Valerio
1123 1752 1142 1813 7
1168 1749 1242 1812 Ext.
1269 1751 1289 1833 §
1316 1751 1336 1812 2

142 1871 342 1937 consentiens
366 1870 481 1936 habet:
508 1871 745 1961 «Antigenidas
768 1871 921 1961 discipulo
946 1894 1000 1936 suo
1020 1870 1127 1959 magui
1149 1868 1315 1958 profectus
1326 1918 1336 1949 ‚

142 1990 199 2055 sed
227 2014 341 2080 parum
372 1991 510 2056 feliciter
529 1992 660 2082 populo
689 2015 725 2056 se
749 1991 935 2082 adprobanti
958 1991 1072 2056 dixit.»
1119 1988 1242 2054 Eodem
1264 1988 1338 2055 iure

145 2111 378 2201 transponenda
414 2125 487 2176 sunt
517 2111 613 2178 rerba
640 2114 673 2176 in
705 2112 776 2176 Lib.
806 2113 870 2192 lv,
903 2112 978 2202 Cap.
1007 2117 1022 2177 1
1050 2116 1066 2196 §
1097 2117 1135 2176 4:
1163 2109 1338 2200 «populus

147 2232 304 2295 tribunos
337 2233 471 2300 eosdem
490 2235 524 2298 iu
545 2235 723 2324 proximum
747 2257 866 2299 annum
888 2257 994 2301 creare
1015 2231 1239 2310 destinabat,>›
1262 2231 1338 2298 ride

145 2352 307 2417 Valerium
342 2353 407 2433 IV,
446 2360 462 2419 t
502 2357 518 2442 §
553 2361 592 2434 4,
624 2378 748 2421 necnon
782 2355 899 2421 ibidem
922 2356 1066 2444 sequenti
1090 2357 1130 2439 §z
1180 2353 1337 2418 «Fabius

143 2496 216 2539 cum
240 2497 258 2536 a
281 2487 390 2562 patre,
416 2499 493 2553 aro,
514 2477 747 2565 maioribusque
767 2477 829 2540 suis
849 2477 1063 2540 consulatum
1084 2497 1337 2564 saepenumero

143 2606 265 2683 gestum
294 2595 447 2660 videret.»
494 2596 561 2663 Neo
590 2610 636 2662 est
660 2621 717 2662 cur
741 2596 881 2664 codicem
906 2619 1087 2686 spernamus
1111 2595 1254 2685 legentes
1279 2619 1338 2662 eo·

142 2714 216 2781 dem
248 2716 351 2805 capite
383 2719 401 2800 §
432 2719 493 2795 13,
518 2718 639 2782 etiamsi
663 2717 850 2802 Valerius§
880 2722 918 2782 12
943 2717 1049 2782 locum
1073 2717 1164 2782 aliter
1186 2715 1331 2783 habeat:

143 2835 317 2902 «Metellus
341 2849 377 2901 ut
396 2837 534 2925 primum
558 2859 632 2900 eum
656 2837 775 2901 audiit
797 2839 1059 2926 interemptum.»
1094 2836 1183 2902 Idem
1207 2837 1337 2903 obtinet

142 2956 248 3021 locum
279 2956 351 3021 Lib.
384 2956 450 3034 IV,
480 2955 554 3045 Cap.
586 2963 605 3022 3
631 2961 647 3042 §
677 2962 737 3035 16,
767 2958 822 3022 ubi
846 2958 994 3047 Diogenis
1018 2957 1098 3022 illud
1122 2957 1162 3021 ad
1186 2956 1332 3023 Alexan·

133 3073 254 3142 ¹drum:
292 3079 438 3156 «velim,
474 3081 609 3166 iuquit,
642 3082 730 3144 milti
758 3103 776 3143 a
804 3080 868 3145 sole
899 3102 963 3144 non
994 3077 1127 3143 obstes»
1156 3101 1193 3143 ex
1219 3079 1335 3145 codice

142 3197 410 3287 transponendum
431 3212 493 3277 est,
518 3223 710 3289 quamquam
732 3200 875 3266 Valerius
895 3200 958 3278 IV,
984 3205 1003 3265 3
1030 3201 1100 3264 Ext.
1129 3201 1241 3284 §anit
1253 3201 1334 3266 diri-

142 3320 212 3385 mit.
261 3319 330 3384 Lib.
360 3318 422 3397 VI,
446 3316 525 3409 Cap.
554 3326 568 3385 1
598 3323 615 3403 §
645 3326 682 3385 ll
709 3323 810 3409 prima
833 3344 945 3386 manus
969 3300 1109 3411 a'priore
1129 3321 1226 3386 verbo
1252 3345 1334 3387 eae-

143 3464 217 3505 sum
249 3439 288 3504 ad
312 3439 447 3505 alterum
471 3440 597 3530 delapsa
622 3442 726 3505 omisit
749 3442 843 3506 rerba
868 3442 1096 3505 audisset-
1121 3444 1219 3520 iure,
1247 3466 1333 3531 quae

143 3562 240 3628 altera
273 3585 386 3627 manus
422 3561 605 3650 adscripsit,
642 3561 695 3628 sed
730 3562 793 3640 ita,
830 3575 866 3626 ut
900 3585 958 3650 pro
982 3563 1189 3651 compellare
1217 3586 1333 3628 ausus

133 3684 283 3771 suerat,
319 3696 354 3748 ut
390 3695 436 3748 est
470 3682 555 3773 apud
579 3681 740 3747 Valerium
765 3682 828 3760 vl,
864 3686 878 3746 1
906 3686 929 3768 '§
961 3686 1021 3759 12,
1055 3680 1176 3746 dederit
1195 3681 1333 3767 fuerat

141 3828 271 3883 uorsus,
297 3804 382 3893 quod
403 3803 551 3893 equidem
575 3805 786 3893 reposuerim,
812 3804 944 3869 sienim
967 3802 1079 3868 editori
1100 3801 1255 3868 concedas
1279 3805 1332 3869 ius

141 3925 295 4014 refingere
325 3925 548 3990 abbreviatoris
579 3937 699 3989 textum
730 3936 765 3989 ut
796 3924 912 4012 legitur
942 3922 1025 4012 apud
1056 3922 1238 4000 Valerium,
1269 3946 1332 3990 cur

141 4067 258 4132 quaeso
280 4068 344 4109 non
361 4046 491 4111 inseruit
516 4045 587 4109 «de
607 4055 729 4135 stupro
750 4045 939 4133 compellare
950 4068 984 4123 ,n
1005 4067 1065 4110 nec
1085 4046 1332 4134 manipulario

139 4166 295 4254 rescripsit
329 4188 386 4255 pro
421 4164 672 4256 maut'pularc?
720 4165 872 4231 Similiter
907 4165 1017 4255 capitis
1053 4165 1212 4253 sequentis
1238 4168 1256 4250 §
1284 4170 1328 4231 14
1369 4151 1374 4159 ,

138 4298 247 4351 contra
278 4284 419 4352 codicem
454 4286 539 4353 dedit
573 4288 691 4353 Maius:
739 4286 819 4353 «0b
855 4310 951 4376 quam
982 4310 1048 4351 rem
1074 4285 1254 4376 perducta
1287 4290 1329 4352 in

138 4429 272 4487 arcem,
297 4429 370 4472 cum
394 4408 542 4496 inquit‚>›
568 4408 695 4474 Valerio
720 4408 782 4487 Vl,
808 4412 827 4472 2
854 4409 923 4472 Ext.
950 4409 967 4490 §
992 4411 1011 4471 2
1035 4429 1100 4471 non
1125 4405 1330 4475 adversante.

138 4528 252 4595 Contra
282 4529 366 4595 idem
395 4529 449 4595 ille
472 4516 545 4610 tl,
578 4535 597 4596 4
630 4533 701 4598 th.
736 4533 753 4614 §
779 4533 797 4594 l
823 4530 989 4595 confirmat
1013 4528 1128 4594 codicis
1151 4527 1328 4595 lectionem

138 4673 205 4718 esse
222 4650 436 4742 reponendam
458 4651 529 4718 Lib.
556 4652 617 4732 Vl,
645 4652 723 4741 Gap.
750 4657 769 4718 4
794 4657 811 4738 §
835 4655 854 4715 9
878 4651 911 4727 iu
934 4650 1069 4717 Socratis
1092 4650 1177 4715 dicto
1197 4648 1238 4713 ad
1258 4649 1333 4738 Lyf·
