2946 5182
378 1512 460 1628 on
496 1511 546 1628 o.
584 1511 765 1630 rouo
802 1510 1091 1631 vrorum.
1133 1422 1136 1427 ⁵

667 1841 797 1871 mooe-

184 2066 392 2150 Transeamus
404 2081 443 2146 ad
457 2080 605 2162 alteram,
628 2106 724 2172 quam
742 2081 881 2171 Angelus
892 2082 995 2148 Maius
1005 2080 1178 2171 inscripsit:
1194 2079 1338 2147 Novum

142 2203 384 2272 Collectionem
416 2201 635 2294 Scriptorum
666 2203 833 2269 Veterum
865 2226 882 2268 e
913 2202 1106 2268 Vaticanis
1142 2200 1338 2269 (lodicibus

137 2325 274 2403 editam,
307 2325 411 2390 Tomis
444 2325 529 2391 Xin
552 2339 663 2416 quarto
693 2326 902 2415 complexam3
929 2337 1049 2391 exstant
1068 2325 1102 2389 in
1121 2324 1177 2389 illa
1197 2321 1339 2390 Classici

139 2446 245 2513 Latini
277 2445 423 2534 quidam,
456 2447 490 2511 in
515 2447 630 2536 quibus
654 2447 851 2514 conferendis
874 2459 906 2512 ct
929 2444 1133 2512 emendandis
1156 2444 1236 2509 olim
1262 2467 1337 2511 ver·
1414 2538 1418 2543 ¹

138 2580 222 2633 satus
250 2590 336 2633 nunc
367 2589 548 2656 expromam
581 2590 661 2656 quae
685 2568 805 2634 utiliter
829 2566 868 2631 ad
893 2568 1030 2631 virorum
1053 2565 1221 2632 doctorum
1247 2567 1337 2633 noti·

138 2690 215 2754 tiam
245 2689 380 2778 perferri
406 2713 496 2779 posse
528 2689 685 2754 ridentur.
736 2688 828 2775 Quod
855 2689 942 2753 enim
970 2711 1063 2778 supra
1090 2687 1129 2754 dc
1152 2687 1233 2753 Maii
1258 2687 1337 2753 dili·

138 2811 243 2900 gentia
266 2811 394 2888 monui,
420 2810 503 2877 valet
521 2811 706 2900 praesertim
729 2811 762 2875 in
787 2810 823 2875 iis
847 2810 1043 2888 auctoribus,
1068 2832 1146 2898 quos
1158 2809 1337 2876 emendare

138 2953 225 2996 nuno
248 2931 424 3021 aggredior.
452 2929 550 2997 Curas
574 2931 728 2997 secundas
751 2954 811 2999 nec
833 2931 887 2997 ille
911 2953 970 2996 nec
991 2931 1044 2996 alii
1059 2942 1130 3020 post
1145 2952 1221 2995 eum
1238 2930 1337 2996 adhi-

137 3050 293 3130 buerunt,
327 3051 412 3140 quod
443 3075 480 3118 eo
511 3052 610 3142 magis
640 3051 831 3131 dolendum,
863 3052 1013 3140 quoniam
1041 3073 1081 3116 ne
1109 3049 1336 3138 apographum

61 3214 63 3217 v
137 3171 267 3261 quidem
291 3194 384 3236 suum
403 3195 477 3237 cum
500 3172 589 3238 libris
612 3174 833 3262 manuscriptis
854 3172 989 3238 contulit
1011 3171 1079 3251 ilt03
1107 3193 1182 3234 nom
1194 3170 1337 3237 nisihoc

138 3292 228 3358 nobis
261 3314 438 3370 sumamus,
471 3292 627 3380 explicare
658 3316 721 3359 non
748 3314 912 3381 possumus
939 3315 1078 3370 errores,
1109 3314 1189 3381 quos
1210 3292 1337 3380 passim

137 3414 178 3479 ab
211 3435 248 3479 eo
280 3413 460 3478 commissos
490 3413 609 3478 inrcui.
658 3413 783 3478 Possem
813 3413 980 3479 subsistere
1006 3415 1039 3478 iu
1062 3413 1223 3479 Varietate
1248 3413 1336 3480 Lec-

137 3537 231 3602 tionis
255 3533 480 3612 describenda,
513 3533 566 3599 sed
590 3534 673 3599 malo
697 3536 805 3623 paucis
829 3546 938 3600 notare
963 3557 1043 3623 quae
1070 3532 1149 3598 mihi
1172 3533 1205 3597 in
1230 3536 1336 3627 scrip-

138 3670 209 3722 tura
232 3656 340 3721 vitiosa
361 3654 558 3722 emendanda
578 3678 610 3721 sc
630 3654 833 3735 obtulerunt,
858 3669 927 3721 tum
948 3668 1135 3745 propterea,
1160 3675 1202 3719 ne
1221 3654 1336 3721 irritus

138 3799 227 3844 meus
262 3776 352 3842 labor
384 3776 479 3843 fuisse
511 3789 680 3866 appareat,
717 3789 786 3842 tum
817 3790 946 3866 propter
977 3777 1159 3864 scriptores,
1190 3797 1336 3863 quorum

140 3897 246 3963 Editio
270 3897 419 3987 Princeps
441 3897 587 3965 nonnihil
604 3909 757 3987 augeatur
775 3897 904 3963 demum
923 3910 993 3986 post
1012 3896 1183 3962 doctissimi
1199 3895 1335 3962 editoris

46 4089 49 4095 ,
137 4030 283 4085 mortem.

183 4138 301 4207 Ordine
332 4138 538 4228 procedentes
562 4139 722 4206 videamus
747 4141 786 4206 de
812 4141 847 4207 C.
874 4139 954 4205 Iulio
980 4139 1127 4216 Victore,
1154 4139 1245 4203 cuius
1272 4138 1334 4205 Ars

137 4261 293 4328 rhetorica
325 4271 423 4324 exstat
451 4260 483 4324 in
514 4258 630 4327 Codice
656 4260 1042 4328 Ottoboniano-Vaticano
1067 4258 1122 4326 N⁰.
1150 4261 1253 4340 19683
1282 4274 1333 4326 est

135 4382 414 4457 membranaceus,
436 4380 511 4445 olim
530 4404 548 4446 e
568 4380 655 4446 libris
673 4381 822 4448 Iohannis
844 4382 957 4471 Angeli
977 4382 1065 4447 ducis
1086 4380 1125 4444 ab
1147 4379 1330 4471 Alteemps,

136 4506 237 4572 forma
269 4504 303 4569 in
336 4513 465 4581 octavo,
498 4502 580 4567 foliis
605 4507 647 4568 32
672 4526 787 4593 magna
811 4526 884 4570 cum
908 4502 1071 4592 diligentia
1095 4514 1237 4567 exaratus
1263 4525 1331 4567 sae-

136 4629 207 4693 culo
227 4624 433 4701 duodecimo,
455 4624 608 4714 scriptura
634 4623 755 4690 assidua
781 4647 854 4689 eum
879 4623 985 4689 multis
1010 4623 1113 4711 siglis,
1139 4623 1228 4687 cuius
1255 4647 1330 4713 spe-
