2946 5182
142 341 183 402 12
523 336 637 400 cronno
662 354 704 401 ou
729 353 770 400 au
795 353 947 401 ruerrca.

139 525 224 591 tione
248 537 424 591 ceterarum
452 525 609 590 linearum
639 524 769 614 vestigia
795 536 922 591 tantum
946 547 1074 592 cernere
1104 526 1190 592 lieet.
1237 527 1326 592 Hine

140 645 259 717 factum
295 658 362 724 est,
388 658 423 710 ut
449 646 514 711 fere
546 666 662 710 omnes
684 643 736 709 isti
759 642 873 710 ductus
907 645 956 712 rel
988 646 1243 735 probatissimum
1265 671 1327 738 pa-

137 765 291 855 limpsesti
332 765 484 833 lectorem
525 764 684 854 fugerint,
725 765 780 853 qui
817 764 964 835 ultimam
1006 766 1180 834 levissimae
1221 768 1328 835 lineo·

137 886 188 952 lae
215 899 338 976 partem
361 909 419 976 pro
445 898 567 976 puncto
591 885 724 973 aceepit.
775 884 868 969 Quod
893 907 993 975 quum
1018 885 1183 969 vidissem,
1209 910 1328 978 operae

138 1008 277 1098 pretium
303 1030 369 1074 esse
392 1006 487 1086 duxi,
519 1005 559 1072 de
583 1005 698 1094 quibus
721 1005 833 1071 litteris
855 1020 1015 1074 constaret
1036 1009 1152 1076 lineola
1175 1008 1329 1076 delendas

138 1129 295 1196 censuisse
307 1140 534 1206 correctorem,
548 1149 600 1193 eas
612 1148 721 1192 omnes
732 1126 766 1192 in
779 1149 883 1193 meam
897 1125 1106 1195 collationem
1119 1130 1253 1208 referre,
1268 1128 1329 1194 ad·

138 1248 203 1315 dito
216 1248 387 1337 d.(eleudi)
409 1246 538 1314 iudicio.
573 1244 624 1313 Ob
640 1268 769 1323 causam
793 1247 982 1336 quamdixi,
1007 1249 1124 1339 passim
1142 1250 1248 1340 plures
1270 1250 1329 1316 lit-

138 1382 220 1437 teras
252 1369 371 1435 lineola
401 1381 525 1434 notatas
558 1367 653 1434 fuisse
685 1390 780 1458 quam
812 1368 862 1434 rel
893 1391 912 1434 e
944 1370 1080 1459 'vestigiis
1104 1392 1191 1436 nuuc
1214 1373 1329 1439 eruere

137 1489 232 1568 licet,
257 1501 389 1555 nonest
412 1488 498 1578 quod
517 1510 683 1568 moneam,
707 1489 771 1567 sic,
795 1500 831 1554 ut
854 1488 916 1555 hoc
939 1512 1040 1555 unum
1052 1491 1231 1581 exemplum
1249 1492 1329 1558 affe·

138 1633 226 1690 ram,
258 1610 274 1676 1
306 1613 324 1695 §
357 1614 399 1675 44
430 1608 578 1676 rocabuli
601 1610 663 1673 ille
686 1608 818 1676 ultimae
840 1609 964 1676 litterae
988 1612 1197 1700 suprascripta
1221 1624 1268 1677 est
1291 1616 1308 1676 i
1318 1663 1327 1692 ,

138 1752 221 1819 quae
244 1727 283 1796 de
306 1753 394 1796 more
417 1731 451 1795 iu
472 1730 562 1796 istius
584 1728 692 1794 locum
716 1728 881 1808 succedat,
906 1751 971 1795 non
991 1753 1064 1797 vero
1085 1732 1111 1797 ai
1129 1732 1179 1799 rel
1198 1731 1333 1798 nullum·
1361 1706 1364 1711 .

137 1850 273 1919 lineolae
296 1863 460 1941 appareret
482 1849 657 1929 indicium,
690 1862 726 1916 ut
747 1861 885 1938 utraque
907 1849 1051 1939 legatur,
1075 1851 1157 1917 sieut
1182 1850 1331 1919 Osannus

137 1996 171 2062 p.
183 1976 247 2052 94,
272 1973 388 2049 iniuria
409 1973 576 2062 opinatur,
600 1971 662 2037 hoo
685 1971 797 2041 saltem
819 1971 891 2036 loco
914 1973 1086 2061 genuinam
1108 1973 1227 2041 scilieet
1250 1974 1331 2040 scri-

138 2092 235 2159 bendi
271 2093 407 2159 formam
438 2115 469 2157 a
487 2091 626 2164 secunda
660 2112 758 2156 manu
788 2104 943 2171 serratam
978 2093 1125 2161 ardenter
1141 2095 1326 2184 *arripieus3

139 2226 171 2280 at
198 2215 334 2304 priscam
364 2214 470 2285 istam,
488 2214 622 2279 formam
653 2225 813 2279 corrector
844 2214 953 2282 simul·
968 2237 1042 2281 cum
1076 2215 1205 2281 librario
1235 2217 1330 2306 iguo-
1399 2300 1402 2305 g

139 2335 249 2416 rabat3
287 2335 373 2425 quod
408 2358 449 2401 ne
481 2347 611 2424 propter
643 2357 759 2399 novam
794 2331 933 2413 0sanui,
969 2337 1022 2402 cui
1057 2358 1121 2403 non
1158 2339 1328 2419 assentiar,

140 2444 397 2545 orthographiam
427 2455 539 2522 dixisse
562 2454 688 2534 ridear,
713 2454 815 2523 libens
837 2456 939 2524 fateor
960 2480 1012 2523 me
1035 2457 1068 2522 in
1091 2460 1234 2548 exemplo
1256 2483 1330 2526 meo

139 2577 290 2643 lineolam
314 2599 377 2666 qua
401 2590 560 2643 corrector
582 2575 750 2643 delendam
772 2591 939 2644 censuerat
960 2579 1099 2645 litteram
1123 2602 1162 2660 c,
1188 2579 1329 2670 adscrip-

141 2699 215 2766 sisse
237 2697 293 2764 diu
317 2710 489 2789 antequam
514 2696 635 2765 Osanni
657 2697 860 2786 inspexissem
883 2696 1065 2765 editionem.

151 2905 153 2911 s
188 2818 306 2899 Sunt,
323 2819 439 2909 quibus
470 2821 601 2885 istarum
615 2841 731 2895 :rerum
755 2817 943 2906 significatio
966 2820 1065 2885 otiosa
1089 2832 1184 2910 atque
1208 2821 1333 2889 lutilior

141 2964 206 3007 esse
249 2939 412 3020 rideatur,
457 2962 538 3029 quae
574 2941 641 3005 sine
675 2937 852 3005 studiormu
887 2938 1105 3007 Tullianomm
1139 2941 1330 3010 detrimento

140 3060 259 3150 negligi
281 3061 412 3150 possint.
450 3058 692 3140 Facileneredo,
717 3082 827 3126 rerum
845 3082 1030 3149 persuasrun
1048 3062 1128 3128 mibi
1146 3074 1193 3128 est
1210 3063 1331 3152 absque

141 3181 272 3247 istarum
300 3182 414 3247 notitia
444 3180 598 3252 iudicium
625 3181 700 3247 farri
722 3202 788 3248 nou
810 3204 901 3270 posse
923 3179 963 3248 de
986 3182 1195 3248 emendatoris
1218 3197 1330 3250 auoto-

141 3303 252 3382 ritate‚
278 3302 367 3369 euius
392 3302 448 3392 qui
469 3301 645 3387 exstiterint
665 3301 890 3368 obtrectatores
909 3325 980 3369 mea
999 3301 1175 3372 Collatione
1198 3305 1331 3371 meliora

140 3421 350 3500 docebuntur.
400 3420 588 3487 dermatius
619 3422 751 3488 correxit
781 3434 814 3488 et
836 3422 930 3513 louge
964 3423 1075 3513 plura,
1112 3448 1208 3515 quam
1234 3425 1330 3518 vulgo

141 3543 348 3623 credebatur,
372 3566 448 3618 nam
468 3542 586 3610 latebat
607 3544 735 3613 omuino
757 3542 895 3611 adhunc
915 3567 1015 3634 usque
1035 3545 1120 3612 diem
1140 3546 1216 3635 quid
1235 3571 1333 3638 prae·

142 3666 269 3746 stiterit3
297 3677 329 3731 et
352 3688 388 3731 er
412 3677 498 3731 certa
522 3664 666 3754 analogia
688 3665 783 3747 facile
806 3667 923 3733 confici
944 3679 1047 3757 potest
1070 3691 1224 3757 quasnam
1242 3669 1332 3737 litte·

142 3809 215 3866 ras,
245 3785 360 3875 quibus
387 3785 463 3851 alias
486 3786 550 3852 iam
575 3786 802 3868 substituisset,
832 3787 982 3856 delendas
1005 3813 1072 3856 csse
1095 3790 1272 3870 censuerit,
1296 3790 1330 3855 id

143 3920 215 3986 est,
240 3907 358 3973 lineola
379 3908 555 3987 notaverit,
588 3931 669 3997 quae
692 3909 787 3999 fugax
822 3921 941 3977 certam
964 3910 1005 3975 ob
1030 3933 1197 3976 causamn
1221 3909 1331 3977 sedulo

144 4028 263 4119 editore
296 4026 386 4093 nullo
420 4027 547 4116 negotio
581 4027 770 4118 plerumque
805 4029 991 4110 adiicietur,
1029 4032 1084 4119 qui
1119 4031 1163 4097 sic
1185 4032 1332 4121 perficiat

146 4147 231 4239 quod
255 4160 412 4215 corrector
436 4171 597 4237 aggressus
620 4161 688 4215 erat
711 4172 775 4214 nou
798 4162 940 4227 tantum,
965 4162 1002 4216 ut
1024 4151 1118 4218 multi
1137 4151 1328 4232 credebaut,

145 4269 198 4336 sed
222 4270 281 4335 rite
305 4268 343 4334 ad
368 4269 465 4335 finem
487 4268 689 4359 perduxerat;
717 4269 859 4349 aceedit,
885 4268 970 4358 quod
993 4269 1051 4335 sub
1070 4271 1143 4360 ipsis
1161 4269 1330 4361 Augustini

144 4390 256 4456 litteris
278 4390 398 4456 lateant
422 4388 526 4455 adhuc
550 4390 785 4459 emendationes
808 4390 992 4481 pauciores,
1020 4414 1094 4457 uam
1117 4404 1245 4481 propter
1268 4395 1331 4461 mi-

145 4535 255 4579 norem
295 4512 450 4580 secuudae
485 4535 597 4579 manus
633 4513 821 4603 scripturam
855 4535 919 4579 non
954 4511 1073 4601 ubique
1107 4537 1139 4579 se
1173 4514 1328 4603 produnt,
