2946 5182
137 332 179 394 24
517 345 634 393 c1cnno
658 345 701 392 nr
724 345 767 392 nn
791 345 946 394 nonnius.

137 514 297 604 quoddam
331 516 396 581 istis
430 514 542 581 litteris
576 516 658 581 inest
691 527 817 604 practer
850 537 1048 596 mensuram,
1090 528 1159 581 tum
1193 511 1329 582 initialis

137 636 212 715 illa,
245 659 341 726 quam
371 635 442 703 ride
473 635 556 726 apud
589 636 790 717 silvestrem,
823 637 919 703 rubra
949 649 981 704 et
1011 636 1117 703 viridis
1145 636 1327 727 elegantius

138 755 281 847 depicta,
306 754 409 823 Orosii
431 756 637 823 Laurentiani
660 757 795 823 initiales
805 756 831 844 ¹)
853 756 972 823 saeculi
990 757 1116 847 septimi
1132 756 1328 822 mihiinrito

140 889 265 944 revocat
299 877 333 943 in
366 879 572 956 memoriam,
602 899 662 944 nec
693 889 767 944 ante
794 889 916 943 sertum
946 878 1061 968 scripta
1084 901 1150 944 csse
1173 876 1327 958 ridetur,

139 997 194 1065 sed
217 999 251 1063 in
273 995 356 1062 banc
380 998 598 1086 quaestionem
618 998 795 1064 accuratius
818 997 1046 1086 inquirendum
1068 1011 1127 1066 est.
1176 997 1327 1087 Denique

139 1119 173 1184 in
206 1119 255 1184 his
289 1115 450 1184 codicibus
483 1141 540 1207 per
574 1119 725 1198 tertium,
751 1131 917 1207 quartum,
952 1120 1138 1208 quintumre
1162 1118 1329 1185 saeculum

135 1238 367 1328 distinguendis
397 1260 462 1303 uon
490 1250 581 1304 vacat
611 1238 798 1318 subsistere,
827 1251 874 1305 est
905 1241 1046 1329 quaestio
1072 1239 1268 1318 intricatior,
1294 1252 1329 1307 et

136 1361 175 1425 in
208 1371 329 1426 testum
356 1347 555 1448 recipiendae
584 1372 686 1427 essent
715 1360 893 1426 litterarum
922 1360 996 1428 illae
1026 1361 1172 1440 formae,
1197 1372 1233 1426 ut
1264 1361 1328 1426 rite

141 1480 312 1571 disputatio
341 1477 541 1569 procederet;
573 1480 662 1569 atqui
693 1492 878 1570 argumenta
904 1481 984 1547 mibi
1007 1505 1167 1548 reservans
1189 1480 1329 1547 sufficiat

141 1623 246 1668 meam
278 1598 533 1690 qualemcunque
555 1600 722 1689 protulisse
744 1602 943 1668 sententiam.
992 1602 1142 1692 Virgilius
1164 1601 1329 1669 Medicens

141 1723 211 1789 iure
240 1721 300 1786 sibi
325 1721 538 1811 principatum
561 1721 722 1810 postulans
745 1722 870 1789 saeculo
895 1735 1008 1812 quarto
1032 1725 1165 1813 scriptus
1187 1745 1254 1789 esse
1278 1724 1329 1789 ri-

140 1843 245 1910 detur.
293 1841 436 1908 Mediceo
468 1841 599 1931 Virgilio
626 1842 852 1931 aliquantisper
886 1843 1042 1909 recentior
1075 1856 1122 1910 est
1153 1845 1330 1910 Vaticanus

140 1965 196 2031 ille
227 1963 285 2031 ΝΟ.
318 1967 427 2041 3225,
457 1961 535 2029 silv.
567 1961 633 2029 tab.
662 1965 747 2043 165,
773 1986 869 2053 quom
893 1964 1046 2030 Mabillon
1070 1965 1187 2054 aliique
1212 1977 1329 2054 quarto

143 2084 268 2152 saeculo
291 2084 456 2163 tribuunt,
480 2096 512 2151 et
530 2096 615 2150 recte
632 2083 841 2173 antiquissimi
858 2083 932 2149 libri
950 2085 1055 2174 imago
1073 2085 1184 2153 haberi
1202 2098 1328 2176 potest,

143 2218 179 2273 ut
211 2205 326 2272 docent
352 2205 507 2295 picturae.
555 2204 640 2270 Huic
670 2204 762 2271 facile
785 2228 936 2271 coaevum
958 2208 1117 2296 posuerim
1140 2205 1330 2273 Sallustium

135 2328 336 2400 ,Vaticanum
354 2324 551 2392 venerandae
571 2325 767 2414 antiquitatis
789 2339 950 2416 proptera
963 2338 995 2392 et
1008 2345 1047 2406 u,
1071 2327 1131 2392 nisi
1142 2327 1223 2393 forte
1234 2327 1330 2394 illum

136 2460 247 2514 ,aetate
281 2458 419 2535 superet3
455 2444 540 2534 quod
574 2447 600 2511 si
633 2458 719 2512 recte
749 2446 874 2526 fecero,
906 2446 990 2513 idem
1021 2447 1141 2513 feratur
1172 2447 1329 2514 iudicium

142 2582 272 2662 propter
294 2568 466 2657 scripturae
489 2589 587 2656 genus
606 2568 751 2635 universo
768 2567 871 2633 simile
890 2567 943 2633 sed
963 2568 1120 2633 recentius
1140 2567 1179 2634 de
1197 2568 1329 2635 Lucano

144 2692 345 2783 palimpsesto
376 2688 519 2754 Palatino
550 2688 607 2756 N0.
641 2692 704 2768 24,
731 2711 869 2777 quocum
891 2690 1017 2754 tenuius
1040 2690 1163 2755 etiamsi
1184 2702 1329 2756 exaratus

144 2813 303 2903 conspirat
322 2811 487 2878 Terentius
508 2809 679 2875 Vaticanus
698 2809 755 2876 ΝΟ.
781 2812 887 2888 3226,
912 2809 994 2875 vide:
1021 2829 1052 2890 r,
1078 2830 1111 2890 a,
1136 2808 1159 2875 h
1182 2811 1325 2878 sicfere:

145 2935 167 3000 ls
189 2935 325 3022 pictam,
349 2950 382 3009 1.,
407 2943 486 3012 cet.;
502 2930 613 3018 quinto
625 2929 770 3008 saeculo,
784 2930 818 2994 ni
829 2928 933 3009 fallor,
946 2928 1095 3019 descripti
1106 2944 1180 2996 sunt
1190 2931 1225 2997 hi
1236 2932 1326 3014 libri3

144 3053 281 3142 denique
313 3052 419 3117 Livius
449 3051 611 3118 Palatinus
640 3051 756 3140 partim
786 3051 944 3140 conspirat
967 3073 1040 3116 cum
1065 3052 1211 3118 Terentio
1235 3053 1330 3120 Vati-

145 3197 244 3254 cano,
277 3173 348 3240 vide
376 3173 513 3238 litterae:
545 3195 569 3236 u
590 3170 675 3237 hanc
697 3171 843 3237 formam:
870 3185 946 3238 vet
967 3172 1105 3239 litteram
1128 3195 1149 3260 q
1171 3197 1237 3240 nou
1260 3175 1330 3243 sine

136 3296 265 3376 cauda,
285 3295 401 3385 partim
423 3317 498 3362 cum
515 3293 647 3383 Virgilio
667 3292 830 3372 Mediceo,
855 3291 926 3359 ride
946 3293 1103 3384 longiores
1126 3315 1145 3361 r
1168 3307 1232 3361 ett.
1243 3345 1253 3376 ,
1275 3297 1330 3363 cui

143 3421 252 3510 itaque
285 3415 402 3484 saeculi
433 3415 538 3505 quarti
567 3415 640 3480 finis
674 3437 715 3478 an
750 3415 910 3503 sequentis
940 3415 1069 3482 initium
1101 3416 1264 3507 proprium
1288 3419 1329 3484 sit

144 3542 259 3608 dubius
287 3562 345 3630 ego
376 3537 504 3627 quidem
535 3559 600 3602 non
628 3536 811 3625 pronuntio.
861 3534 1013 3625 Sequitur
1042 3541 1197 3605 rusticum
1227 3557 1328 3628 genus

139 3662 297 3737 ,excultius
318 3661 352 3726 in
375 3657 547 3726 Prudentio
571 3657 731 3736 Parisino,
757 3657 810 3722 oui
828 3669 958 3747 propter
970 3661 1154 3725 correctoris
1166 3659 1328 3750 subscrip·

143 3785 282 3860 tionem,
320 3779 430 3846 consul
465 3779 520 3867 qui
550 3777 611 3842 fuit
642 3781 727 3856 527,
753 3778 880 3842 initium
902 3779 1021 3844 saeculi
1043 3781 1120 3846 serti
1144 3774 1329 3846 conceditur

144 3904 184 3970 ab
214 3925 271 3981 eo,
306 3901 362 3990 qui
385 3898 595 3965 bibliothecae
620 3898 798 3987 catalogum
823 3899 1025 3988 conscripsit,
1054 3911 1193 3966 attamen
1217 3923 1235 3965 a
1257 3900 1328 3967 Ma·

142 4024 260 4101 billon,
294 4043 389 4110 quem
420 4019 563 4108 sequitur
600 4017 640 4085 de
674 4018 796 4108 Wailly
829 4019 868 4085 ad
890 4019 956 4085 tab.
981 4018 1026 4086 ll.
1054 4022 1095 4098 1,
1121 4033 1234 4110 quarto
1256 4043 1329 4088 sae·

144 4145 216 4213 culo
251 4142 304 4208 hic
333 4140 414 4206 liber
446 4140 616 4220 tribuitur,
649 4163 709 4207 neo
735 4163 920 4230 persuasum
944 4138 1024 4204 mihi
1046 4152 1093 4206 est
1116 4140 1326 4208 ducentorum

144 4287 300 4334 annorum
344 4260 513 4328 discrimen
552 4261 746 4328 intercedere
780 4262 863 4328 inter
898 4259 992 4326 huius
1027 4261 1101 4326 libri
1135 4275 1167 4330 et
1202 4262 1328 4352 Virgilii

144 4383 290 4453 Vaticani
320 4392 474 4460 aetatem,
505 4382 550 4447 ita
578 4394 614 4447 ut
644 4383 734 4448 nobis
765 4404 925 4449 sumamus
949 4395 1127 4448 correctum
1148 4407 1213 4450 esse
1237 4383 1326 4451 codi-

149 4556 283 4576 m

180 4655 205 4721 1)
231 4654 299 4705 Vide
315 4654 381 4718 apud
397 4653 522 4708 Mabillon
539 4653 566 4704 in
584 4654 632 4708 tab.
650 4666 677 4703 u
697 4651 772 4703 huius
788 4652 880 4703 codicis
898 4652 1054 4717 scripturam.
