<?xml version="1.0" encoding="UTF-8"?>
<!DOCTYPE html PUBLIC "-//W3C//DTD XHTML 1.0 Transitional//EN"
    "http://www.w3.org/TR/xhtml1/DTD/xhtml1-transitional.dtd">
<html xmlns="http://www.w3.org/1999/xhtml" xml:lang="en" lang="en">
 <head>
  <title>
</title>
<meta http-equiv="Content-Type" content="text/html;charset=utf-8" />
  <meta name='ocr-system' content='tesseract 3.04.00' />
  <meta name='ocr-capabilities' content='ocr_page ocr_carea ocr_par ocr_line ocrx_word'/>
</head>
<body>
  <div class='ocr_page' id='page_1' title='image "./schedaevaticana01rieugoog_0225.png"; bbox 0 0 2946 5182; ppageno 0'>
   <div class='ocr_carea' id='block_1_1' title="bbox 145 355 942 417">
    <p class='ocr_par' dir='ltr' id='par_1_1' title="bbox 145 355 942 417">
     <span class='ocr_line' id='line_1_1' title="bbox 145 355 942 417; baseline -0.005 -1"><span class='ocrx_word' id='word_1_1' title='bbox 145 355 209 416; x_wconf 81' lang='lat'><strong>206</strong></span> <span class='ocrx_word' id='word_1_2' title='bbox 528 368 706 417; x_wconf 67' lang='lat' dir='ltr'><strong>renuamus</strong></span> <span class='ocrx_word' id='word_1_3' title='bbox 730 366 942 415; x_wconf 77' lang='lat' dir='ltr'><strong>rurorrruns</strong></span> 
     </span>
    </p>
   </div>
   <div class='ocr_carea' id='block_1_2' title="bbox 143 533 1329 751">
    <p class='ocr_par' dir='ltr' id='par_1_2' title="bbox 143 533 1329 751">
     <span class='ocr_line' id='line_1_2' title="bbox 143 533 1327 628; baseline -0.003 -23"><span class='ocrx_word' id='word_1_4' title='bbox 143 541 221 605; x_wconf 90' lang='lat' dir='ltr'><strong>sima</strong></span> <span class='ocrx_word' id='word_1_5' title='bbox 245 541 481 628; x_wconf 78' lang='lat' dir='ltr'><strong>coniunguntur</strong></span> <span class='ocrx_word' id='word_1_6' title='bbox 502 552 533 605; x_wconf 91' lang='lat' dir='ltr'><strong>et</strong></span> <span class='ocrx_word' id='word_1_7' title='bbox 556 533 770 627; x_wconf 88' lang='lat' dir='ltr'><strong>adoptimum</strong></span> <span class='ocrx_word' id='word_1_8' title='bbox 793 537 942 626; x_wconf 92' lang='lat' dir='ltr'><strong>quodque</strong></span> <span class='ocrx_word' id='word_1_9' title='bbox 961 538 1109 602; x_wconf 81' lang='lat' dir='ltr'><strong>transitus</strong></span> <span class='ocrx_word' id='word_1_10' title='bbox 1127 537 1182 615; x_wconf 81' lang='lat' dir='ltr'><strong>fit,</strong></span> <span class='ocrx_word' id='word_1_11' title='bbox 1206 537 1327 626; x_wconf 81' lang='lat' dir='ltr'><strong>inspice</strong></span> 
     </span>
     <span class='ocr_line' id='line_1_3' title="bbox 145 657 1329 751; baseline -0.004 -24"><span class='ocrx_word' id='word_1_12' title='bbox 145 659 292 727; x_wconf 83' lang='lat' dir='ltr'><strong>Orosium</strong></span> <span class='ocrx_word' id='word_1_13' title='bbox 321 673 352 726; x_wconf 94' lang='lat' dir='ltr'><strong>et</strong></span> <span class='ocrx_word' id='word_1_14' title='bbox 384 659 618 751; x_wconf 79' lang='lat' dir='ltr'><strong>Freculphum‚</strong></span> <span class='ocrx_word' id='word_1_15' title='bbox 651 657 705 724; x_wconf 91' lang='lat' dir='ltr'><strong>sed</strong></span> <span class='ocrx_word' id='word_1_16' title='bbox 735 659 836 748; x_wconf 89' lang='lat' dir='ltr'><strong>primo</strong></span> <span class='ocrx_word' id='word_1_17' title='bbox 865 659 935 724; x_wconf 90' lang='lat' dir='ltr'><strong>loco</strong></span> <span class='ocrx_word' id='word_1_18' title='bbox 962 659 1110 748; x_wconf 88' lang='lat' dir='ltr'><strong>ponitur,</strong></span> <span class='ocrx_word' id='word_1_19' title='bbox 1143 658 1219 723; x_wconf 91' lang='lat' dir='ltr'><strong>hinc</strong></span> <span class='ocrx_word' id='word_1_20' title='bbox 1243 658 1329 723; x_wconf 89' lang='lat' dir='ltr'><strong>aliud</strong></span> 
     </span>
    </p>
   </div>
   <div class='ocr_carea' id='block_1_3' title="bbox 145 766 1331 870">
    <p class='ocr_par' dir='ltr' id='par_1_3' title="bbox 145 766 1331 870">
     <span class='ocr_line' id='line_1_4' title="bbox 145 766 1331 870; baseline -0.003 -24"><span class='ocrx_word' id='word_1_21' title='bbox 145 781 285 869; x_wconf 83' lang='lat' dir='ltr'><strong>requir03</strong></span> <span class='ocrx_word' id='word_1_22' title='bbox 322 804 379 870; x_wconf 91' lang='lat' dir='ltr'><strong>pro</strong></span> <span class='ocrx_word' id='word_1_23' title='bbox 414 786 502 845; x_wconf 85' lang='lat' dir='ltr'><strong>-itur</strong></span> <span class='ocrx_word' id='word_1_24' title='bbox 538 783 606 847; x_wconf 90' lang='lat' dir='ltr'><strong>iure</strong></span> <span class='ocrx_word' id='word_1_25' title='bbox 637 792 743 845; x_wconf 91' lang='lat' dir='ltr'><strong>nostro</strong></span> <span class='ocrx_word' id='word_1_26' title='bbox 775 780 945 846; x_wconf 81' lang='lat' dir='ltr'><strong>rescribere</strong></span> <span class='ocrx_word' id='word_1_27' title='bbox 980 766 1144 869; x_wconf 74' lang='lat' dir='ltr'><strong>possumus</strong></span> <span class='ocrx_word' id='word_1_28' title='bbox 1178 780 1331 844; x_wconf 88' lang='lat' dir='ltr'><strong>termina-</strong></span> 
     </span>
    </p>
   </div>
   <div class='ocr_carea' id='block_1_4' title="bbox 53 900 1336 4716">
    <p class='ocr_par' dir='ltr' id='par_1_4' title="bbox 145 900 1332 1210">
     <span class='ocr_line' id='line_1_5' title="bbox 145 900 1331 980; baseline -0.001 -14"><span class='ocrx_word' id='word_1_29' title='bbox 145 903 264 966; x_wconf 88' lang='lat' dir='ltr'><strong>tionem</strong></span> <span class='ocrx_word' id='word_1_30' title='bbox 312 911 386 966; x_wconf 85' lang='lat' dir='ltr'><strong>-tus</strong></span> <span class='ocrx_word' id='word_1_31' title='bbox 424 903 474 968; x_wconf 81' lang='lat' dir='ltr'><strong>rel</strong></span> <span class='ocrx_word' id='word_1_32' title='bbox 512 911 595 966; x_wconf 87' lang='lat' dir='ltr'><strong>-tem</strong></span> <span class='ocrx_word' id='word_1_33' title='bbox 632 901 707 966; x_wconf 89' lang='lat' dir='ltr'><strong>elisa</strong></span> <span class='ocrx_word' id='word_1_34' title='bbox 751 905 780 980; x_wconf 84' lang='lat' dir='ltr'><strong>i,</strong></span> <span class='ocrx_word' id='word_1_35' title='bbox 825 900 901 966; x_wconf 89' lang='lat' dir='ltr'><strong>hinc</strong></span> <span class='ocrx_word' id='word_1_36' title='bbox 943 900 1076 966; x_wconf 90' lang='lat' dir='ltr'><strong>coniicio</strong></span> <span class='ocrx_word' id='word_1_37' title='bbox 1121 902 1226 976; x_wconf 85' lang='lat' dir='ltr'><strong>item,·</strong></span> <span class='ocrx_word' id='word_1_38' title='bbox 1271 922 1331 965; x_wconf 88' lang='lat' dir='ltr'><strong>nec</strong></span> 
     </span>
     <span class='ocr_line' id='line_1_6' title="bbox 146 1020 1332 1110; baseline -0.003 -23"><span class='ocrx_word' id='word_1_39' title='bbox 146 1026 253 1087; x_wconf 85' lang='lat' dir='ltr'><strong>etium</strong></span> <span class='ocrx_word' id='word_1_40' title='bbox 285 1023 379 1088; x_wconf 83' lang='lat' dir='ltr'><strong>nerui</strong></span> <span class='ocrx_word' id='word_1_41' title='bbox 411 1022 532 1102; x_wconf 83' lang='lat' dir='ltr'><strong>obstat,</strong></span> <span class='ocrx_word' id='word_1_42' title='bbox 565 1023 625 1086; x_wconf 92' lang='lat' dir='ltr'><strong>nisi</strong></span> <span class='ocrx_word' id='word_1_43' title='bbox 655 1033 783 1110; x_wconf 88' lang='lat' dir='ltr'><strong>propter</strong></span> <span class='ocrx_word' id='word_1_44' title='bbox 815 1020 958 1086; x_wconf 81' lang='lat' dir='ltr'><strong>Paridem</strong></span> <span class='ocrx_word' id='word_1_45' title='bbox 991 1021 1088 1085; x_wconf 82' lang='lat' dir='ltr'><strong>maris</strong></span> <span class='ocrx_word' id='word_1_46' title='bbox 1105 1029 1257 1110; x_wconf 82' lang='lat' dir='ltr'><strong>praetor</strong></span> <span class='ocrx_word' id='word_1_47' title='bbox 1281 1021 1332 1087; x_wconf 88' lang='lat' dir='ltr'><strong>vel</strong></span> 
     </span>
     <span class='ocr_line' id='line_1_7' title="bbox 150 1141 273 1210; baseline -0.016 0"><span class='ocrx_word' id='word_1_48' title='bbox 150 1141 273 1210; x_wconf 79' lang='lat' dir='ltr'><strong>Gneus.</strong></span> 
     </span>
    </p>

    <p class='ocr_par' dir='ltr' id='par_1_5' title="bbox 144 1262 1333 1693">
     <span class='ocr_line' id='line_1_8' title="bbox 191 1262 1331 1352; baseline -0.002 -24"><span class='ocrx_word' id='word_1_49' title='bbox 191 1265 288 1330; x_wconf 85' lang='lat' dir='ltr'><strong>Recte</strong></span> <span class='ocrx_word' id='word_1_50' title='bbox 318 1265 447 1328; x_wconf 91' lang='lat' dir='ltr'><strong>omnino</strong></span> <span class='ocrx_word' id='word_1_51' title='bbox 479 1264 511 1327; x_wconf 91' lang='lat' dir='ltr'><strong>in</strong></span> <span class='ocrx_word' id='word_1_52' title='bbox 541 1263 716 1352; x_wconf 80' lang='lat' dir='ltr'><strong>marginem</strong></span> <span class='ocrx_word' id='word_1_53' title='bbox 739 1262 848 1328; x_wconf 88' lang='lat' dir='ltr'><strong>reiecit</strong></span> <span class='ocrx_word' id='word_1_54' title='bbox 873 1263 974 1327; x_wconf 87' lang='lat' dir='ltr'><strong>Maius</strong></span> <span class='ocrx_word' id='word_1_55' title='bbox 998 1262 1082 1328; x_wconf 88' lang='lat' dir='ltr'><strong>unde</strong></span> <span class='ocrx_word' id='word_1_56' title='bbox 1105 1263 1273 1351; x_wconf 82' lang='lat' dir='ltr'><strong>irrepserat</strong></span> <span class='ocrx_word' id='word_1_57' title='bbox 1298 1263 1331 1327; x_wconf 92' lang='lat' dir='ltr'><strong>in</strong></span> 
     </span>
     <span class='ocr_line' id='line_1_9' title="bbox 146 1373 1328 1474; baseline -0.003 -24"><span class='ocrx_word' id='word_1_58' title='bbox 146 1382 264 1474; x_wconf 77' lang='lat' dir='ltr'><strong>Capitis</strong></span> <span class='ocrx_word' id='word_1_59' title='bbox 296 1391 315 1449; x_wconf 79' lang='lat'><strong>5</strong></span> <span class='ocrx_word' id='word_1_60' title='bbox 348 1384 477 1448; x_wconf 86' lang='lat' dir='ltr'><strong>titulum</strong></span> <span class='ocrx_word' id='word_1_61' title='bbox 511 1373 766 1473; x_wconf 73' lang='lat' dir='ltr'><strong>auspiciorum,</strong></span> <span class='ocrx_word' id='word_1_62' title='bbox 799 1384 854 1472; x_wconf 88' lang='lat' dir='ltr'><strong>qui</strong></span> <span class='ocrx_word' id='word_1_63' title='bbox 884 1384 917 1447; x_wconf 91' lang='lat' dir='ltr'><strong>in</strong></span> <span class='ocrx_word' id='word_1_64' title='bbox 949 1381 1057 1449; x_wconf 90' lang='lat' dir='ltr'><strong>codice</strong></span> <span class='ocrx_word' id='word_1_65' title='bbox 1087 1383 1203 1472; x_wconf 78' lang='lat' dir='ltr'><strong>legitur</strong></span> <span class='ocrx_word' id='word_1_66' title='bbox 1234 1385 1254 1467; x_wconf 61' lang='grc' dir='ltr'><strong>ς</strong></span> <span class='ocrx_word' id='word_1_67' title='bbox 1290 1385 1328 1446; x_wconf 89' lang='lat' dir='ltr'><strong>l:</strong></span> 
     </span>
     <span class='ocr_line' id='line_1_10' title="bbox 144 1503 1333 1594; baseline 0 -26"><span class='ocrx_word' id='word_1_68' title='bbox 144 1504 296 1572; x_wconf 87' lang='lat' dir='ltr'><strong>«Urbem</strong></span> <span class='ocrx_word' id='word_1_69' title='bbox 343 1504 477 1569; x_wconf 86' lang='lat' dir='ltr'><strong>Romam</strong></span> <span class='ocrx_word' id='word_1_70' title='bbox 524 1505 790 1594; x_wconf 71' lang='lat' dir='ltr'><strong>[auspiciorum]</strong></span> <span class='ocrx_word' id='word_1_71' title='bbox 836 1503 981 1593; x_wconf 90' lang='lat' dir='ltr'><strong>auspiciis</strong></span> <span class='ocrx_word' id='word_1_72' title='bbox 1012 1503 1171 1570; x_wconf 86' lang='lat' dir='ltr'><strong>conditam</strong></span> <span class='ocrx_word' id='word_1_73' title='bbox 1208 1516 1333 1570; x_wconf 88' lang='lat' dir='ltr'><strong>certum</strong></span> 
     </span>
     <span class='ocr_line' id='line_1_11' title="bbox 145 1639 228 1693; baseline -0.024 0"><span class='ocrx_word' id='word_1_74' title='bbox 145 1639 228 1693; x_wconf 84' lang='lat' dir='ltr'><strong>cst.»</strong></span> 
     </span>
    </p>

    <p class='ocr_par' dir='ltr' id='par_1_6' title="bbox 142 1732 1336 2316">
     <span class='ocr_line' id='line_1_12' title="bbox 190 1732 1333 1829; baseline -0.003 -17"><span class='ocrx_word' id='word_1_75' title='bbox 190 1745 307 1812; x_wconf 80' lang='lat' dir='ltr'><strong>Contra</strong></span> <span class='ocrx_word' id='word_1_76' title='bbox 328 1769 391 1810; x_wconf 92' lang='lat' dir='ltr'><strong>non</strong></span> <span class='ocrx_word' id='word_1_77' title='bbox 416 1732 502 1824; x_wconf 84' lang='lat' dir='ltr'><strong>erat,</strong></span> <span class='ocrx_word' id='word_1_78' title='bbox 527 1767 584 1810; x_wconf 89' lang='lat' dir='ltr'><strong>cur</strong></span> <span class='ocrx_word' id='word_1_79' title='bbox 606 1744 684 1810; x_wconf 89' lang='lat' dir='ltr'><strong>ibid.</strong></span> <span class='ocrx_word' id='word_1_80' title='bbox 712 1747 729 1829; x_wconf 85' lang='lat'>§</span> <span class='ocrx_word' id='word_1_81' title='bbox 754 1748 774 1809; x_wconf 87' lang='grc'><strong>6</strong></span> <span class='ocrx_word' id='word_1_82' title='bbox 799 1744 949 1810; x_wconf 81' lang='lat' dir='ltr'><strong>scriberet</strong></span> <span class='ocrx_word' id='word_1_83' title='bbox 971 1745 1004 1808; x_wconf 92' lang='lat' dir='ltr'><strong>in</strong></span> <span class='ocrx_word' id='word_1_84' title='bbox 1029 1745 1098 1808; x_wconf 92' lang='lat' dir='ltr'><strong>loco</strong></span> <span class='ocrx_word' id='word_1_85' title='bbox 1118 1744 1157 1810; x_wconf 90' lang='lat' dir='ltr'><strong>de</strong></span> <span class='ocrx_word' id='word_1_86' title='bbox 1177 1743 1333 1811; x_wconf 71' lang='lat' dir='ltr'><strong>Cicerone</strong></span> 
     </span>
     <span class='ocr_line' id='line_1_13' title="bbox 143 1865 1332 1958; baseline -0.003 -25"><span class='ocrx_word' id='word_1_87' title='bbox 143 1869 337 1958; x_wconf 88' lang='lat' dir='ltr'><strong>proscripto,</strong></span> <span class='ocrx_word' id='word_1_88' title='bbox 371 1866 455 1956; x_wconf 91' lang='lat' dir='ltr'><strong>quod</strong></span> <span class='ocrx_word' id='word_1_89' title='bbox 480 1889 622 1931; x_wconf 76' lang='lat' dir='ltr'><strong>«coruus</strong></span> <span class='ocrx_word' id='word_1_90' title='bbox 646 1865 800 1954; x_wconf 77' lang='lat' dir='ltr'><strong>virgulam</strong></span> <span class='ocrx_word' id='word_1_91' title='bbox 823 1865 978 1944; x_wconf 89' lang='lat' dir='ltr'><strong>ferream,</strong></span> <span class='ocrx_word' id='word_1_92' title='bbox 1005 1888 1068 1954; x_wconf 87' lang='lat' dir='ltr'><strong>qua</strong></span> <span class='ocrx_word' id='word_1_93' title='bbox 1091 1865 1332 1955; x_wconf 80' lang='lat' dir='ltr'><strong>distingueban-</strong></span> 
     </span>
     <span class='ocr_line' id='line_1_14' title="bbox 142 1984 1336 2067; baseline -0.003 -12"><span class='ocrx_word' id='word_1_94' title='bbox 142 2003 196 2055; x_wconf 90' lang='lat' dir='ltr'><strong>tur</strong></span> <span class='ocrx_word' id='word_1_95' title='bbox 229 1989 345 2067; x_wconf 89' lang='lat' dir='ltr'><strong>horae,</strong></span> <span class='ocrx_word' id='word_1_96' title='bbox 385 1989 429 2053; x_wconf 92' lang='lat' dir='ltr'><strong>sic</strong></span> <span class='ocrx_word' id='word_1_97' title='bbox 460 1986 587 2053; x_wconf 89' lang='lat' dir='ltr'><strong>rescidit</strong></span> <span class='ocrx_word' id='word_1_98' title='bbox 618 1999 734 2064; x_wconf 87' lang='lat' dir='ltr'><strong>rostro,</strong></span> <span class='ocrx_word' id='word_1_99' title='bbox 767 1999 802 2051; x_wconf 90' lang='lat' dir='ltr'><strong>ut</strong></span> <span class='ocrx_word' id='word_1_100' title='bbox 835 2009 875 2051; x_wconf 89' lang='lat' dir='ltr'><strong>ea</strong></span> <span class='ocrx_word' id='word_1_101' title='bbox 908 1995 1166 2052; x_wconf 80' lang='lat' dir='ltr'><strong>excuteretur.»</strong></span> <span class='ocrx_word' id='word_1_102' title='bbox 1207 1984 1336 2052; x_wconf 74' lang='lat' dir='ltr'><strong>Codicis</strong></span> 
     </span>
     <span class='ocr_line' id='line_1_15' title="bbox 142 2105 1336 2194; baseline -0.003 -18"><span class='ocrx_word' id='word_1_103' title='bbox 142 2111 236 2176; x_wconf 84' lang='lat' dir='ltr'><strong>lectio</strong></span> <span class='ocrx_word' id='word_1_104' title='bbox 271 2109 370 2175; x_wconf 85' lang='lat' dir='ltr'><strong>activa</strong></span> <span class='ocrx_word' id='word_1_105' title='bbox 401 2130 476 2172; x_wconf 87' lang='lat' dir='ltr'><strong>eam</strong></span> <span class='ocrx_word' id='word_1_106' title='bbox 507 2115 685 2170; x_wconf 77' lang='lat' dir='ltr'><strong>excuteret</strong></span> <span class='ocrx_word' id='word_1_107' title='bbox 715 2105 895 2194; x_wconf 87' lang='lat' dir='ltr'><strong>recipienda</strong></span> <span class='ocrx_word' id='word_1_108' title='bbox 926 2120 986 2187; x_wconf 85' lang='lat' dir='ltr'><strong>est;</strong></span> <span class='ocrx_word' id='word_1_109' title='bbox 1021 2108 1061 2172; x_wconf 88' lang='lat' dir='ltr'><strong>cf.</strong></span> <span class='ocrx_word' id='word_1_110' title='bbox 1094 2106 1188 2173; x_wconf 84' lang='lat' dir='ltr'><strong>verba</strong></span> <span class='ocrx_word' id='word_1_111' title='bbox 1212 2107 1336 2172; x_wconf 85' lang='lat' dir='ltr'><strong>Paridis</strong></span> 
     </span>
     <span class='ocr_line' id='line_1_16' title="bbox 144 2227 1098 2316; baseline -0.007 -19"><span class='ocrx_word' id='word_1_112' title='bbox 144 2231 177 2310; x_wconf 85' lang='grc' dir='ltr'><strong>Ι,</strong></span> <span class='ocrx_word' id='word_1_113' title='bbox 203 2235 223 2296; x_wconf 80' lang='lat'>4</span> <span class='ocrx_word' id='word_1_114' title='bbox 247 2233 265 2314; x_wconf 81' lang='lat'>§</span> <span class='ocrx_word' id='word_1_115' title='bbox 289 2233 309 2294; x_wconf 89' lang='grc'>6</span> <span class='ocrx_word' id='word_1_116' title='bbox 334 2227 520 2316; x_wconf 81' lang='lat' dir='ltr'><strong>«horologii</strong></span> <span class='ocrx_word' id='word_1_117' title='bbox 542 2227 661 2291; x_wconf 90' lang='lat' dir='ltr'><strong>ferrum</strong></span> <span class='ocrx_word' id='word_1_118' title='bbox 684 2227 754 2291; x_wconf 92' lang='lat' dir='ltr'><strong>loco</strong></span> <span class='ocrx_word' id='word_1_119' title='bbox 777 2238 901 2291; x_wconf 90' lang='lat' dir='ltr'><strong>motum</strong></span> <span class='ocrx_word' id='word_1_120' title='bbox 924 2229 1098 2294; x_wconf 84' lang='lat' dir='ltr'><strong>excussit.»</strong></span> 
     </span>
    </p>

    <p class='ocr_par' dir='ltr' id='par_1_7' title="bbox 135 2347 1334 3647">
     <span class='ocr_line' id='line_1_17' title="bbox 189 2347 1334 2436; baseline -0.002 -20"><span class='ocrx_word' id='word_1_121' title='bbox 189 2351 292 2416; x_wconf 91' lang='lat' dir='ltr'><strong>Locus</strong></span> <span class='ocrx_word' id='word_1_122' title='bbox 330 2349 369 2414; x_wconf 87' lang='lat' dir='ltr'><strong>de</strong></span> <span class='ocrx_word' id='word_1_123' title='bbox 405 2347 528 2412; x_wconf 87' lang='lat' dir='ltr'><strong>duabus</strong></span> <span class='ocrx_word' id='word_1_124' title='bbox 557 2347 690 2436; x_wconf 86' lang='lat' dir='ltr'><strong>aquilis,</strong></span> <span class='ocrx_word' id='word_1_125' title='bbox 724 2369 805 2434; x_wconf 86' lang='lat' dir='ltr'><strong>quae</strong></span> <span class='ocrx_word' id='word_1_126' title='bbox 834 2347 968 2413; x_wconf 90' lang='lat' dir='ltr'><strong>Brutum</strong></span> <span class='ocrx_word' id='word_1_127' title='bbox 992 2349 1069 2413; x_wconf 91' lang='lat' dir='ltr'><strong>belli</strong></span> <span class='ocrx_word' id='word_1_128' title='bbox 1093 2349 1191 2414; x_wconf 85' lang='lat' dir='ltr'><strong>civilis</strong></span> <span class='ocrx_word' id='word_1_129' title='bbox 1215 2349 1334 2414; x_wconf 81' lang='lat' dir='ltr'><strong>exitum</strong></span> 
     </span>
     <span class='ocr_line' id='line_1_18' title="bbox 143 2467 1334 2562; baseline -0.003 -25"><span class='ocrx_word' id='word_1_130' title='bbox 143 2481 431 2562; x_wconf 90' lang='lat' dir='ltr'><strong>praemonuerunt,</strong></span> <span class='ocrx_word' id='word_1_131' title='bbox 468 2469 511 2533; x_wconf 88' lang='lat' dir='ltr'><strong>sic</strong></span> <span class='ocrx_word' id='word_1_132' title='bbox 546 2468 661 2556; x_wconf 77' lang='lat' dir='ltr'><strong>legitur</strong></span> <span class='ocrx_word' id='word_1_133' title='bbox 696 2467 781 2557; x_wconf 92' lang='lat' dir='ltr'><strong>apud</strong></span> <span class='ocrx_word' id='word_1_134' title='bbox 817 2468 937 2534; x_wconf 87' lang='lat' dir='ltr'><strong>Maium</strong></span> <span class='ocrx_word' id='word_1_135' title='bbox 960 2467 984 2557; x_wconf 63' lang='lat' dir='ltr'>S</span> <span class='ocrx_word' id='word_1_136' title='bbox 1009 2473 1051 2534; x_wconf 84' lang='lat'><strong>7:</strong></span> <span class='ocrx_word' id='word_1_137' title='bbox 1087 2469 1236 2535; x_wconf 81' lang='lat' dir='ltr'><strong>«Victrix</strong></span> <span class='ocrx_word' id='word_1_138' title='bbox 1259 2493 1334 2560; x_wconf 88' lang='lat' dir='ltr'><strong>pro-</strong></span> 
     </span>
     <span class='ocr_line' id='line_1_19' title="bbox 144 2588 1334 2679; baseline -0.001 -22"><span class='ocrx_word' id='word_1_139' title='bbox 144 2593 226 2658; x_wconf 89' lang='lat' dir='ltr'><strong>fecta</strong></span> <span class='ocrx_word' id='word_1_140' title='bbox 256 2591 295 2655; x_wconf 88' lang='lat' dir='ltr'><strong>ad</strong></span> <span class='ocrx_word' id='word_1_141' title='bbox 320 2589 487 2657; x_wconf 81' lang='lat' dir='ltr'><strong>Gaesarem</strong></span> <span class='ocrx_word' id='word_1_142' title='bbox 509 2601 575 2666; x_wconf 88' lang='lat' dir='ltr'><strong>est,</strong></span> <span class='ocrx_word' id='word_1_143' title='bbox 596 2588 700 2679; x_wconf 80' lang='lat' dir='ltr'><strong>fugit</strong></span> <span class='ocrx_word' id='word_1_144' title='bbox 723 2590 811 2668; x_wconf 86' lang='lat' dir='ltr'><strong>illa,</strong></span> <span class='ocrx_word' id='word_1_145' title='bbox 837 2613 919 2679; x_wconf 88' lang='lat' dir='ltr'><strong>quae</strong></span> <span class='ocrx_word' id='word_1_146' title='bbox 943 2614 980 2656; x_wconf 88' lang='lat' dir='ltr'><strong>ex</strong></span> <span class='ocrx_word' id='word_1_147' title='bbox 1004 2592 1115 2656; x_wconf 87' lang='lat' dir='ltr'><strong>Bruti</strong></span> <span class='ocrx_word' id='word_1_148' title='bbox 1139 2591 1334 2656; x_wconf 77' lang='lat' dir='ltr'><strong>edocuerat</strong></span> 
     </span>
     <span class='ocr_line' id='line_1_20' title="bbox 137 2685 1333 2803; baseline 0 -27"><span class='ocrx_word' id='word_1_149' title='bbox 137 2721 285 2803; x_wconf 78' lang='lat' dir='ltr'><strong>parte.»</strong></span> <span class='ocrx_word' id='word_1_150' title='bbox 302 2785 303 2790; x_wconf 9' lang='grc' dir='ltr'>η</span> <span class='ocrx_word' id='word_1_151' title='bbox 321 2712 420 2777; x_wconf 87' lang='lat' dir='ltr'><strong>Recte</strong></span> <span class='ocrx_word' id='word_1_152' title='bbox 442 2709 559 2776; x_wconf 90' lang='lat' dir='ltr'><strong>codicis</strong></span> <span class='ocrx_word' id='word_1_153' title='bbox 582 2710 751 2776; x_wconf 90' lang='lat' dir='ltr'><strong>lectionem</strong></span> <span class='ocrx_word' id='word_1_154' title='bbox 779 2711 851 2775; x_wconf 87' lang='lat' dir='ltr'><strong>«ad</strong></span> <span class='ocrx_word' id='word_1_155' title='bbox 877 2685 1043 2778; x_wconf 84' lang='lat' dir='ltr'><strong>Caesarem</strong></span> <span class='ocrx_word' id='word_1_156' title='bbox 1066 2725 1113 2778; x_wconf 90' lang='lat' dir='ltr'><strong>est</strong></span> <span class='ocrx_word' id='word_1_157' title='bbox 1136 2713 1333 2802; x_wconf 74' lang='lat' dir='ltr'><strong>Augustum</strong></span> 
     </span>
     <span class='ocr_line' id='line_1_21' title="bbox 135 2831 1334 2925; baseline 0.001 -28"><span class='ocrx_word' id='word_1_158' title='bbox 135 2833 283 2923; x_wconf 76' lang='lat' dir='ltr'><strong>fugiat,</strong></span> <span class='ocrx_word' id='word_1_159' title='bbox 314 2855 396 2921; x_wconf 91' lang='lat' dir='ltr'><strong>quae</strong></span> <span class='ocrx_word' id='word_1_160' title='bbox 425 2854 462 2896; x_wconf 81' lang='lat' dir='ltr'><strong>ex</strong></span> <span class='ocrx_word' id='word_1_161' title='bbox 486 2831 623 2894; x_wconf 86' lang='lat' dir='ltr'><strong>Bruciu</strong></span> <span class='ocrx_word' id='word_1_162' title='bbox 648 2831 832 2897; x_wconf 74' lang='lat' dir='ltr'><strong>diduxerat</strong></span> <span class='ocrx_word' id='word_1_163' title='bbox 849 2842 985 2923; x_wconf 78' lang='lat' dir='ltr'><strong>porte»</strong></span> <span class='ocrx_word' id='word_1_164' title='bbox 1009 2833 1187 2899; x_wconf 86' lang='lat' dir='ltr'><strong>emendarit</strong></span> <span class='ocrx_word' id='word_1_165' title='bbox 1212 2857 1334 2925; x_wconf 83' lang='lat' dir='ltr'><strong>expun-</strong></span> 
     </span>
     <span class='ocr_line' id='line_1_22' title="bbox 144 2951 1334 3044; baseline -0.001 -24"><span class='ocrx_word' id='word_1_166' title='bbox 144 2954 247 3044; x_wconf 76' lang='lat' dir='ltr'><strong>gendo</strong></span> <span class='ocrx_word' id='word_1_167' title='bbox 282 2951 417 3019; x_wconf 88' lang='lat' dir='ltr'><strong>otiosum</strong></span> <span class='ocrx_word' id='word_1_168' title='bbox 453 2952 649 3041; x_wconf 77' lang='lat' dir='ltr'><strong>Augustum</strong></span> <span class='ocrx_word' id='word_1_169' title='bbox 684 2952 754 3018; x_wconf 91' lang='lat' dir='ltr'><strong>loco</strong></span> <span class='ocrx_word' id='word_1_170' title='bbox 789 2954 892 3019; x_wconf 89' lang='lat' dir='ltr'><strong>alieno</strong></span> <span class='ocrx_word' id='word_1_171' title='bbox 927 2954 1085 3021; x_wconf 90' lang='lat' dir='ltr'><strong>intrusum</strong></span> <span class='ocrx_word' id='word_1_172' title='bbox 1120 2967 1152 3021; x_wconf 87' lang='lat' dir='ltr'><strong>et</strong></span> <span class='ocrx_word' id='word_1_173' title='bbox 1180 2978 1224 3021; x_wconf 85' lang='lat' dir='ltr'><strong>ex</strong></span> <span class='ocrx_word' id='word_1_174' title='bbox 1248 2956 1334 3021; x_wconf 83' lang='lat' dir='ltr'><strong>certa</strong></span> 
     </span>
     <span class='ocr_line' id='line_1_23' title="bbox 145 3072 1334 3165; baseline 0.003 -26"><span class='ocrx_word' id='word_1_175' title='bbox 145 3075 289 3164; x_wconf 82' lang='lat' dir='ltr'><strong>analogia</strong></span> <span class='ocrx_word' id='word_1_176' title='bbox 319 3074 434 3164; x_wconf 80' lang='lat' dir='ltr'><strong>sprevit</strong></span> <span class='ocrx_word' id='word_1_177' title='bbox 466 3072 587 3137; x_wconf 89' lang='lat' dir='ltr'><strong>librarii</strong></span> <span class='ocrx_word' id='word_1_178' title='bbox 619 3096 641 3137; x_wconf 89' lang='lat' dir='ltr'><strong>a</strong></span> <span class='ocrx_word' id='word_1_179' title='bbox 674 3086 746 3140; x_wconf 87' lang='lat' dir='ltr'><strong>ante</strong></span> <span class='ocrx_word' id='word_1_180' title='bbox 779 3084 794 3139; x_wconf 95' lang='lat' dir='ltr'><strong>t</strong></span> <span class='ocrx_word' id='word_1_181' title='bbox 826 3075 997 3165; x_wconf 76' lang='lat' dir='ltr'><strong>irreprrm,</strong></span> <span class='ocrx_word' id='word_1_182' title='bbox 1020 3076 1073 3142; x_wconf 91' lang='lat' dir='ltr'><strong>scd</strong></span> <span class='ocrx_word' id='word_1_183' title='bbox 1097 3099 1161 3141; x_wconf 91' lang='lat' dir='ltr'><strong>non</strong></span> <span class='ocrx_word' id='word_1_184' title='bbox 1185 3090 1253 3143; x_wconf 91' lang='lat' dir='ltr'><strong>erat</strong></span> <span class='ocrx_word' id='word_1_185' title='bbox 1277 3098 1334 3142; x_wconf 87' lang='lat' dir='ltr'><strong>cur</strong></span> 
     </span>
     <span class='ocr_line' id='line_1_24' title="bbox 144 3193 1332 3286; baseline 0.003 -26"><span class='ocrx_word' id='word_1_186' title='bbox 144 3216 318 3286; x_wconf 91' lang='lat' dir='ltr'><strong>pronomen</strong></span> <span class='ocrx_word' id='word_1_187' title='bbox 351 3194 384 3258; x_wconf 92' lang='lat' dir='ltr'><strong>in</strong></span> <span class='ocrx_word' id='word_1_188' title='bbox 413 3193 630 3259; x_wconf 86' lang='lat' dir='ltr'><strong>abbreviatore</strong></span> <span class='ocrx_word' id='word_1_189' title='bbox 660 3218 831 3284; x_wconf 87' lang='lat' dir='ltr'><strong>sanequam</strong></span> <span class='ocrx_word' id='word_1_190' title='bbox 861 3198 996 3262; x_wconf 89' lang='lat' dir='ltr'><strong>otiosum</strong></span> <span class='ocrx_word' id='word_1_191' title='bbox 1024 3197 1063 3263; x_wconf 91' lang='lat' dir='ltr'><strong>de</strong></span> <span class='ocrx_word' id='word_1_192' title='bbox 1094 3220 1150 3263; x_wconf 90' lang='lat' dir='ltr'><strong>suo</strong></span> <span class='ocrx_word' id='word_1_193' title='bbox 1183 3197 1332 3278; x_wconf 85' lang='lat' dir='ltr'><strong>adderet,</strong></span> 
     </span>
     <span class='ocr_line' id='line_1_25' title="bbox 146 3315 1334 3408; baseline 0.003 -27"><span class='ocrx_word' id='word_1_194' title='bbox 146 3339 208 3407; x_wconf 89' lang='lat' dir='ltr'><strong>quo</strong></span> <span class='ocrx_word' id='word_1_195' title='bbox 242 3317 268 3380; x_wconf 91' lang='lat' dir='ltr'><strong>si</strong></span> <span class='ocrx_word' id='word_1_196' title='bbox 296 3337 375 3404; x_wconf 93' lang='lat' dir='ltr'><strong>opus</strong></span> <span class='ocrx_word' id='word_1_197' title='bbox 408 3326 505 3392; x_wconf 88' lang='lat' dir='ltr'><strong>esset,</strong></span> <span class='ocrx_word' id='word_1_198' title='bbox 535 3337 576 3378; x_wconf 88' lang='lat' dir='ltr'><strong>ea</strong></span> <span class='ocrx_word' id='word_1_199' title='bbox 605 3315 776 3396; x_wconf 83' lang='lat' dir='ltr'><strong>sufficeret3</strong></span> <span class='ocrx_word' id='word_1_200' title='bbox 802 3317 940 3406; x_wconf 89' lang='lat' dir='ltr'><strong>denique</strong></span> <span class='ocrx_word' id='word_1_201' title='bbox 963 3316 1116 3408; x_wconf 86' lang='lat' dir='ltr'><strong>disputari</strong></span> <span class='ocrx_word' id='word_1_202' title='bbox 1138 3331 1262 3408; x_wconf 86' lang='lat' dir='ltr'><strong>potest,</strong></span> <span class='ocrx_word' id='word_1_203' title='bbox 1287 3320 1334 3384; x_wconf 88' lang='lat' dir='ltr'><strong>la-</strong></span> 
     </span>
     <span class='ocr_line' id='line_1_26' title="bbox 144 3435 1333 3529; baseline 0 -25"><span class='ocrx_word' id='word_1_204' title='bbox 144 3450 251 3504; x_wconf 89' lang='lat' dir='ltr'><strong>teatne</strong></span> <span class='ocrx_word' id='word_1_205' title='bbox 273 3435 376 3525; x_wconf 91' lang='lat' dir='ltr'><strong>potius</strong></span> <span class='ocrx_word' id='word_1_206' title='bbox 401 3435 432 3499; x_wconf 90' lang='lat' dir='ltr'><strong>in</strong></span> <span class='ocrx_word' id='word_1_207' title='bbox 458 3435 780 3501; x_wconf 78' lang='lat' dir='ltr'><strong>Bruciadilurrerat</strong></span> <span class='ocrx_word' id='word_1_208' title='bbox 796 3448 902 3528; x_wconf 78' lang='lat' dir='ltr'><strong>porte</strong></span> <span class='ocrx_word' id='word_1_209' title='bbox 915 3488 923 3517; x_wconf 98' lang='lat'><strong>,</strong></span> <span class='ocrx_word' id='word_1_210' title='bbox 948 3438 1079 3504; x_wconf 84' lang='lat' dir='ltr'><strong>verbum</strong></span> <span class='ocrx_word' id='word_1_211' title='bbox 1103 3439 1217 3528; x_wconf 90' lang='lat' dir='ltr'><strong>aquilis</strong></span> <span class='ocrx_word' id='word_1_212' title='bbox 1238 3440 1333 3529; x_wconf 82' lang='lat' dir='ltr'><strong>aptis-</strong></span> 
     </span>
     <span class='ocr_line' id='line_1_27' title="bbox 146 3555 853 3647; baseline -0.003 -23"><span class='ocrx_word' id='word_1_213' title='bbox 146 3560 261 3624; x_wconf 89' lang='lat' dir='ltr'><strong>simum</strong></span> <span class='ocrx_word' id='word_1_214' title='bbox 285 3579 328 3621; x_wconf 79' lang='lat' dir='ltr'><strong>eu</strong></span> <span class='ocrx_word' id='word_1_215' title='bbox 352 3556 463 3622; x_wconf 87' lang='lat' dir='ltr'><strong>Bruti</strong></span> <span class='ocrx_word' id='word_1_216' title='bbox 485 3555 716 3621; x_wconf 80' lang='lat' dir='ltr'><strong>advolaverat</strong></span> <span class='ocrx_word' id='word_1_217' title='bbox 731 3565 853 3647; x_wconf 82' lang='lat' dir='ltr'><strong>parte.</strong></span> 
     </span>
    </p>

    <p class='ocr_par' dir='ltr' id='par_1_8' title="bbox 53 3678 1334 4009">
     <span class='ocr_line' id='line_1_28' title="bbox 151 3678 1334 3768; baseline -0.001 -22"><span class='ocrx_word' id='word_1_218' title='bbox 151 3717 153 3724; x_wconf 94' lang='lat'>·</span> <span class='ocrx_word' id='word_1_219' title='bbox 191 3678 271 3768; x_wconf 78' lang='lat' dir='ltr'><strong>Gap.</strong></span> <span class='ocrx_word' id='word_1_220' title='bbox 304 3682 322 3742; x_wconf 88' lang='lat'><strong>7</strong></span> <span class='ocrx_word' id='word_1_221' title='bbox 353 3679 371 3762; x_wconf 81' lang='lat'>§</span> <span class='ocrx_word' id='word_1_222' title='bbox 401 3682 420 3742; x_wconf 87' lang='lat'><strong>7</strong></span> <span class='ocrx_word' id='word_1_223' title='bbox 454 3700 561 3743; x_wconf 88' lang='lat' dir='ltr'><strong>carere</strong></span> <span class='ocrx_word' id='word_1_224' title='bbox 591 3700 755 3767; x_wconf 89' lang='lat' dir='ltr'><strong>possumus</strong></span> <span class='ocrx_word' id='word_1_225' title='bbox 785 3680 1037 3768; x_wconf 88' lang='lat' dir='ltr'><strong>praepositione,</strong></span> <span class='ocrx_word' id='word_1_226' title='bbox 1064 3681 1202 3766; x_wconf 85' lang='lat' dir='ltr'><strong>quaein</strong></span> <span class='ocrx_word' id='word_1_227' title='bbox 1227 3680 1334 3746; x_wconf 89' lang='lat' dir='ltr'><strong>codice</strong></span> 
     </span>
     <span class='ocr_line' id='line_1_29' title="bbox 53 3797 1334 3892; baseline 0.001 -27"><span class='ocrx_word' id='word_1_228' title='bbox 53 3809 55 3814; x_wconf 87' lang='grc'><strong>’</strong></span> <span class='ocrx_word' id='word_1_229' title='bbox 146 3801 264 3891; x_wconf 88' lang='lat' dir='ltr'><strong>pariter</strong></span> <span class='ocrx_word' id='word_1_230' title='bbox 294 3822 331 3864; x_wconf 86' lang='lat' dir='ltr'><strong>ac</strong></span> <span class='ocrx_word' id='word_1_231' title='bbox 360 3798 395 3863; x_wconf 90' lang='lat' dir='ltr'><strong>in</strong></span> <span class='ocrx_word' id='word_1_232' title='bbox 424 3797 550 3863; x_wconf 82' lang='lat' dir='ltr'><strong>Valerio</strong></span> <span class='ocrx_word' id='word_1_233' title='bbox 582 3798 616 3876; x_wconf 93' lang='lat' dir='ltr'><strong>I,</strong></span> <span class='ocrx_word' id='word_1_234' title='bbox 650 3803 669 3863; x_wconf 87' lang='grc'>6</span> <span class='ocrx_word' id='word_1_235' title='bbox 698 3797 722 3886; x_wconf 77' lang='lat'>§</span> <span class='ocrx_word' id='word_1_236' title='bbox 756 3804 775 3863; x_wconf 91' lang='lat'><strong>5</strong></span> <span class='ocrx_word' id='word_1_237' title='bbox 804 3798 911 3866; x_wconf 89' lang='lat' dir='ltr'><strong>deest:</strong></span> <span class='ocrx_word' id='word_1_238' title='bbox 961 3799 1067 3866; x_wconf 89' lang='lat' dir='ltr'><strong>«Item</strong></span> <span class='ocrx_word' id='word_1_239' title='bbox 1096 3799 1162 3888; x_wconf 85' lang='lat' dir='ltr'><strong>[iu]</strong></span> <span class='ocrx_word' id='word_1_240' title='bbox 1189 3803 1334 3892; x_wconf 87' lang='lat' dir='ltr'><strong>sequenti</strong></span> 
     </span>
     <span class='ocr_line' id='line_1_30' title="bbox 133 3918 1096 4009; baseline 0 -23"><span class='ocrx_word' id='word_1_241' title='bbox 133 3920 288 3986; x_wconf 81' lang='lat' dir='ltr'><strong>tumultu</strong></span> <span class='ocrx_word' id='word_1_242' title='bbox 310 3919 414 3984; x_wconf 85' lang='lat' dir='ltr'><strong>infans</strong></span> <span class='ocrx_word' id='word_1_243' title='bbox 435 3942 486 3985; x_wconf 81' lang='lat' dir='ltr'><strong>sex</strong></span> <span class='ocrx_word' id='word_1_244' title='bbox 510 3919 667 3984; x_wconf 89' lang='lat' dir='ltr'><strong>mensium</strong></span> <span class='ocrx_word' id='word_1_245' title='bbox 690 3918 889 4009; x_wconf 87' lang='lat' dir='ltr'><strong>triumphum</strong></span> <span class='ocrx_word' id='word_1_246' title='bbox 912 3921 1096 3987; x_wconf 84' lang='lat' dir='ltr'><strong>clamarit.»</strong></span> 
     </span>
    </p>

    <p class='ocr_par' dir='ltr' id='par_1_9' title="bbox 149 4039 1335 4716">
     <span class='ocr_line' id='line_1_31' title="bbox 194 4039 1331 4133; baseline 0.004 -27"><span class='ocrx_word' id='word_1_247' title='bbox 194 4039 378 4130; x_wconf 76' lang='lat' dir='ltr'><strong>Typothctis</strong></span> <span class='ocrx_word' id='word_1_248' title='bbox 398 4039 539 4104; x_wconf 87' lang='lat' dir='ltr'><strong>tribuere</strong></span> <span class='ocrx_word' id='word_1_249' title='bbox 550 4039 660 4117; x_wconf 73' lang='lat' dir='ltr'><strong>selim,</strong></span> <span class='ocrx_word' id='word_1_250' title='bbox 686 4039 770 4128; x_wconf 91' lang='lat' dir='ltr'><strong>quod</strong></span> <span class='ocrx_word' id='word_1_251' title='bbox 782 4041 842 4105; x_wconf 88' lang='lat' dir='ltr'><strong>tria</strong></span> <span class='ocrx_word' id='word_1_252' title='bbox 854 4040 948 4106; x_wconf 83' lang='lat' dir='ltr'><strong>rerba</strong></span> <span class='ocrx_word' id='word_1_253' title='bbox 959 4043 1110 4131; x_wconf 88' lang='lat' dir='ltr'><strong>perierint</strong></span> <span class='ocrx_word' id='word_1_254' title='bbox 1127 4041 1206 4133; x_wconf 81' lang='lat' dir='ltr'><strong>Gap.</strong></span> <span class='ocrx_word' id='word_1_255' title='bbox 1222 4049 1242 4110; x_wconf 82' lang='lat'>8</span> <span class='ocrx_word' id='word_1_256' title='bbox 1257 4047 1275 4130; x_wconf 78' lang='lat'>§</span> <span class='ocrx_word' id='word_1_257' title='bbox 1290 4051 1331 4110; x_wconf 79' lang='lat'><strong>3:</strong></span> 
     </span>
     <span class='ocr_line' id='line_1_32' title="bbox 149 4160 1334 4249; baseline 0.006 -25"><span class='ocrx_word' id='word_1_258' title='bbox 149 4160 220 4226; x_wconf 85' lang='lat' dir='ltr'><strong>«P.</strong></span> <span class='ocrx_word' id='word_1_259' title='bbox 252 4160 367 4226; x_wconf 86' lang='lat' dir='ltr'><strong>Decius</strong></span> <span class='ocrx_word' id='word_1_260' title='bbox 398 4161 468 4225; x_wconf 89' lang='lat' dir='ltr'><strong>Mus</strong></span> <span class='ocrx_word' id='word_1_261' title='bbox 499 4173 530 4226; x_wconf 88' lang='lat' dir='ltr'><strong>ct</strong></span> <span class='ocrx_word' id='word_1_262' title='bbox 561 4160 687 4225; x_wconf 83' lang='lat' dir='ltr'><strong>Mallius</strong></span> <span class='ocrx_word' id='word_1_263' title='bbox 724 4160 900 4249; x_wconf 85' lang='lat' dir='ltr'><strong>Torquatus</strong></span> <span class='ocrx_word' id='word_1_264' title='bbox 932 4164 1074 4229; x_wconf 91' lang='lat' dir='ltr'><strong>consules</strong></span> <span class='ocrx_word' id='word_1_265' title='bbox 1105 4163 1190 4230; x_wconf 88' lang='lat' dir='ltr'><strong>bello</strong></span> <span class='ocrx_word' id='word_1_266' title='bbox 1222 4164 1334 4230; x_wconf 80' lang='lat' dir='ltr'><strong>Latino</strong></span> 
     </span>
     <span class='ocr_line' id='line_1_33' title="bbox 149 4280 1334 4376; baseline 0.002 -28"><span class='ocrx_word' id='word_1_267' title='bbox 149 4282 345 4348; x_wconf 84' lang='lat' dir='ltr'><strong>somniarunt</strong></span> <span class='ocrx_word' id='word_1_268' title='bbox 368 4281 426 4347; x_wconf 91' lang='lat' dir='ltr'><strong>diis</strong></span> <span class='ocrx_word' id='word_1_269' title='bbox 448 4280 595 4347; x_wconf 91' lang='lat' dir='ltr'><strong>manibus</strong></span> <span class='ocrx_word' id='word_1_270' title='bbox 617 4295 783 4372; x_wconf 86' lang='lat' dir='ltr'><strong>terraeque</strong></span> <span class='ocrx_word' id='word_1_271' title='bbox 806 4286 899 4348; x_wconf 86' lang='lat' dir='ltr'><strong>matri</strong></span> <span class='ocrx_word' id='word_1_272' title='bbox 923 4284 1049 4350; x_wconf 88' lang='lat' dir='ltr'><strong>alterius</strong></span> <span class='ocrx_word' id='word_1_273' title='bbox 1066 4289 1192 4376; x_wconf 79' lang='lat' dir='ltr'><strong>portis</strong></span> <span class='ocrx_word' id='word_1_274' title='bbox 1218 4287 1334 4353; x_wconf 86' lang='lat' dir='ltr'><strong>ducem</strong></span> 
     </span>
     <span class='ocr_line' id='line_1_34' title="bbox 150 4400 1335 4497; baseline 0.003 -29"><span class='ocrx_word' id='word_1_275' title='bbox 150 4406 302 4468; x_wconf 81' lang='lat' dir='ltr'><strong>ulterius</strong></span> <span class='ocrx_word' id='word_1_276' title='bbox 332 4402 503 4469; x_wconf 81' lang='lat' dir='ltr'><strong>exercitum</strong></span> <span class='ocrx_word' id='word_1_277' title='bbox 537 4400 683 4468; x_wconf 87' lang='lat' dir='ltr'><strong>deberi.»</strong></span> <span class='ocrx_word' id='word_1_278' title='bbox 727 4403 809 4469; x_wconf 88' lang='lat' dir='ltr'><strong>Tum</strong></span> <span class='ocrx_word' id='word_1_279' title='bbox 843 4404 990 4494; x_wconf 90' lang='lat' dir='ltr'><strong>equidem</strong></span> <span class='ocrx_word' id='word_1_280' title='bbox 1026 4428 1100 4471; x_wconf 87' lang='lat' dir='ltr'><strong>curn</strong></span> <span class='ocrx_word' id='word_1_281' title='bbox 1134 4406 1244 4473; x_wconf 87' lang='lat' dir='ltr'><strong>codice</strong></span> <span class='ocrx_word' id='word_1_282' title='bbox 1278 4430 1335 4497; x_wconf 88' lang='lat' dir='ltr'><strong>pro</strong></span> 
     </span>
     <span class='ocr_line' id='line_1_35' title="bbox 151 4523 1334 4615; baseline 0.003 -27"><span class='ocrx_word' id='word_1_283' title='bbox 151 4525 315 4591; x_wconf 85' lang='lat' dir='ltr'><strong>«Decium</strong></span> <span class='ocrx_word' id='word_1_284' title='bbox 350 4525 482 4614; x_wconf 78' lang='lat' dir='ltr'><strong>gloriosa</strong></span> <span class='ocrx_word' id='word_1_285' title='bbox 509 4523 617 4610; x_wconf 89' lang='lat' dir='ltr'><strong>facta</strong></span> <span class='ocrx_word' id='word_1_286' title='bbox 651 4537 852 4613; x_wconf 86' lang='lat' dir='ltr'><strong>rapuerunt»</strong></span> <span class='ocrx_word' id='word_1_287' title='bbox 886 4525 1029 4615; x_wconf 85' lang='lat' dir='ltr'><strong>praefero</strong></span> <span class='ocrx_word' id='word_1_288' title='bbox 1052 4527 1159 4613; x_wconf 83' lang='lat' dir='ltr'><strong>fatu,</strong></span> <span class='ocrx_word' id='word_1_289' title='bbox 1192 4552 1258 4596; x_wconf 89' lang='lat' dir='ltr'><strong>non</strong></span> <span class='ocrx_word' id='word_1_290' title='bbox 1288 4541 1334 4594; x_wconf 89' lang='lat' dir='ltr'><strong>est</strong></span> 
     </span>
     <span class='ocr_line' id='line_1_36' title="bbox 151 4646 870 4716; baseline 0.008 -5"><span class='ocrx_word' id='word_1_291' title='bbox 151 4669 208 4712; x_wconf 92' lang='lat' dir='ltr'><strong>cur</strong></span> <span class='ocrx_word' id='word_1_292' title='bbox 230 4646 430 4713; x_wconf 87' lang='lat' dir='ltr'><strong>librariorum</strong></span> <span class='ocrx_word' id='word_1_293' title='bbox 455 4667 542 4710; x_wconf 89' lang='lat' dir='ltr'><strong>more</strong></span> <span class='ocrx_word' id='word_1_294' title='bbox 567 4669 584 4709; x_wconf 87' lang='lat' dir='ltr'><strong>c</strong></span> <span class='ocrx_word' id='word_1_295' title='bbox 609 4657 681 4712; x_wconf 89' lang='lat' dir='ltr'><strong>ante</strong></span> <span class='ocrx_word' id='word_1_296' title='bbox 704 4655 718 4710; x_wconf 94' lang='lat' dir='ltr'><strong>t</strong></span> <span class='ocrx_word' id='word_1_297' title='bbox 741 4646 870 4716; x_wconf 79' lang='lat' dir='ltr'><strong>inseras·</strong></span> 
     </span>
    </p>
   </div>
   <div class='ocr_carea' id='block_1_5' title="bbox 0 0 1487 5182">
    <p class='ocr_par' dir='ltr' id='par_1_10' title="bbox 0 0 1487 5182">
     <span class='ocr_line' id='line_1_37' title="bbox 0 0 1487 5182; baseline 0 0"><span class='ocrx_word' id='word_1_298' title='bbox 0 0 1487 5182; x_wconf 95' lang='lat' dir='ltr'><strong> </strong></span> 
     </span>
    </p>
   </div>
  </div>
 </body>
</html>
