2926 5182
599 365 861 413 rnanoanoras.
1259 344 1318 404 177

133 534 256 602 bendus
280 546 326 599 est
346 536 380 600 iu
404 535 471 599 his:
522 534 591 600 «L.
616 535 789 601 Flaminius
809 548 935 602 coactus
955 548 1001 600 est
1021 558 1039 598 a
1056 533 1174 625 populo
1186 534 1319 598 transire

134 660 169 722 in
203 657 309 722 locum
344 655 519 745 dignitati
551 680 625 722 suae
660 656 814 724 debitum.
828 682 849 721 >r
897 655 947 722 cf.
982 656 1051 721 Val.
1087 655 1151 734 IV,
1184 652 1252 742 5§
1280 659 1319 732 l,

134 801 198 866 quo
221 777 301 842 duce
325 777 446 841 etiamsi
470 789 580 841 contra
604 777 746 843 codicem
770 779 891 868 corrigo
916 777 1152 842 Flamininus.

181 897 263 964 Sunt
282 897 360 963 haec
379 898 502 962 minora
531 898 581 962 rel
605 900 670 963 sine
695 897 802 964 codice
827 896 1042 975 emendanda,
1069 908 1178 961 contra
1202 897 1322 960 incerta

136 1041 185 1084 res
210 1015 398 1106 quibusdam
420 1017 580 1083 rideretur
604 1019 637 1082 in
662 1019 833 1108 scriptore,
859 1018 959 1107 qualis
980 1029 1025 1082 est
1045 1017 1232 1105 epitomator
1250 1039 1325 1079 nos-

136 1151 206 1218 ter,
240 1137 317 1202 ibid.
353 1141 370 1223 §
403 1142 442 1203 4:
471 1136 541 1203 «C.
569 1136 736 1218 Cicereus,
761 1152 797 1204 ut
820 1139 898 1204 vidit
922 1163 954 1203 se
978 1141 1235 1202 contrariorum
1259 1137 1324 1200 suf-

135 1261 235 1349 fragio
258 1259 409 1348 praeferri
433 1257 596 1348 Scipioni,
622 1258 745 1324 abiecta
769 1258 903 1326 eandida
916 1271 989 1348 toga
1002 1259 1239 1348 suffragatorem
1258 1258 1324 1322 eius

138 1403 231 1470 agere
273 1380 421 1468 eoepit,»
467 1379 528 1443 nisi
569 1377 715 1446 vidissem
746 1379 890 1444 Paridem
926 1378 1046 1444 dedisse
1079 1383 1324 1443 «comitiorum

137 1502 317 1590 suffragio»
340 1522 398 1589 pro
422 1498 541 1564 Valerii
564 1498 628 1579 IV,
654 1506 673 1565 5
698 1502 716 1584 §
741 1505 760 1565 3
786 1501 962 1565 «omnibus
986 1500 1173 1565 centuriis»

184 1622 307 1688 Malea
331 1620 440 1686 codice
461 1618 593 1685 discedit
617 1619 718 1685 editor
742 1619 811 1685 Lib.
836 1620 901 1699 IV,
925 1617 1003 1710 Cap.
1030 1625 1050 1685 6
1076 1622 1091 1706 6
1118 1623 1137 1685 8
1160 1618 1324 1684 scribendo

140 1743 304 1830 Myniae,
325 1763 400 1805 nam
423 1762 496 1805 aera
520 1742 620 1805 forma
645 1741 793 1828 Minyae
815 1763 879 1805 non
903 1740 1038 1818 latebat,
1063 1764 1123 1808 nec
1147 1741 1179 1805 in
1200 1741 1324 1806 Valerio

140 1864 187 1930 IV
197 1913 206 1942 ,
231 1867 251 1927 6
275 1863 345 1926 Eat.
368 1864 385 1945 §
410 1866 442 1927 3.

185 1983 344 2050 Numerus
365 1983 559 2072 captivorum
581 1980 889 2071 Carthaginiensium
908 1984 942 2048 in
967 1985 984 2068 §
1013 1986 1027 2047 1
1057 1980 1135 2072 Cap.
1159 1985 1173 2046 1
1202 1982 1274 2048 Lib.
1300 1981 1328 2046 V

139 2128 206 2170 nou
233 2106 390 2193 conspirat
421 2125 494 2167 cum
524 2102 650 2168 Valerio
683 2103 732 2183 V,
767 2107 782 2168 1
812 2107 829 2189 §
858 2109 872 2169 1
901 2103 1031 2169 «duum
1055 2104 1178 2169 milium
1202 2115 1234 2168 et
1258 2126 1328 2191 sep·
1409 2180 1411 2187 Α

139 2226 355 2314 tingeutorum
376 2222 583 2311 quadraginta
607 2225 761 2302 tritarum
785 2247 894 2289 verum
918 2225 1008 2290 aliter
1032 2248 1128 2313 quam
1152 2225 1253 2290 Maius
1273 2223 1329 2289 de·

142 2345 208 2411 dit:
239 2369 269 2408 00
293 2364 485 2422 ocbccxuv,
511 2366 585 2407 nam
609 2342 706 2408 codex
728 2343 843 2410 habet:
873 2370 903 2408 00
926 2346 1111 2412 oodccxtll.

188 2466 241 2531 Bis
272 2467 305 2530 in
337 2465 448 2531 eodem
478 2464 632 2536 vocabulo
665 2464 770 2553 lapsus
803 2477 849 2530 est
881 2466 999 2544 Maius,
1033 2489 1106 2530 nam
1135 2466 1196 2532 hoc
1219 2466 1331 2532 eodem

144 2585 223 2677 Gap.
253 2589 270 2671 §
298 2589 338 2650 12
364 2584 450 2650 dedit
474 2589 611 2675 ‹rpauci
633 2587 782 2675 temporis
803 2599 1010 2664 momeu10‚>›
1035 2586 1091 2650 ubi
1114 2586 1211 2652 codex
1234 2587 1331 2651 habet

135 2711 269 2799 parvi,
296 2707 337 2772 cf.
364 2706 435 2771 VaI.
463 2706 511 2785 V,
538 2709 552 2771 l
581 2709 598 2790 §
626 2710 666 2785 8,
692 2702 816 2772 et'Lih.
842 2706 940 2785 VIII,
966 2703 1044 2795 Gap.
1068 2710 1088 2770 6
1111 2709 1129 2790 §
1152 2709 1166 2770 l
1190 2729 1330 2796 ‹rpaztco

143 2843 213 2918 post
235 2841 421 2918 tempore,>›
445 2828 568 2893 etiamsi
592 2827 735 2893 Valerius
759 2841 790 2895 et
809 2828 894 2894 ‘liber
916 2851 975 2892 ms.
995 2851 1111 2917 parco
1135 2826 1294 2892 exhibent.

188 2949 340 3038 Sequitur
371 2950 438 3014 leve
469 2949 622 3016 mendum
651 2949 726 3039 Gap.
753 2955 773 3014 3
798 2953 815 3035 §
841 2954 882 3028 2,
908 2949 963 3015 ubi
987 2949 1180 3013 acutissimos
1203 2948 1331 3013 editoris

143 3070 250 3137 oculos
274 3070 367 3135 elusit
391 3070 506 3136 codicis
530 3071 684 3159 scriptura
707 3071 830 3135 etiamsi
849 3069 939 3135 valde
951 3070 1136 3159 perspicua,
1161 3070 1330 3134 nonenim

142 3204 260 3257 exstat:
288 3190 473 3257 «Camillus
497 3191 539 3254 ab
565 3189 698 3280 Apuleio
722 3203 762 3254 tr.
788 3189 834 3279 pl.
856 3200 1064 3268 accusatus,»
1088 3211 1196 3255 verum
1220 3191 1282 3254 ml·
1298 3190 1331 3254 id

143 3325 190 3378 est
226 3337 248 3375 a
283 3312 391 3376 Lucio
427 3311 576 3401 Apuleio;
615 3309 685 3376 ride
721 3309 804 3376 idem
835 3332 1029 3400 praenomen
1059 3310 1217 3399 integrum
1250 3311 1334 3400 apud

146 3432 311 3498 Valerium
336 3433 384 3511 V,
411 3438 430 3497 3
456 3434 474 3517 §
499 3436 532 3496 2.

191 3552 311 3617 Paridis
334 3551 448 3630 codex,
474 3563 510 3616 ut
534 3575 627 3641 supra
651 3553 714 3616 iam
737 3553 867 3630 monui,
894 3575 911 3615 a
936 3551 1073 3617 secunda
1096 3552 1249 3616 manuita
1263 3574 1332 3615 cor-

146 3685 251 3738 rectus
281 3685 346 3751 est,
379 3686 414 3737 ut
447 3671 589 3760 singulae
617 3672 683 3737 fere
717 3673 908 3762 paragraphi
942 3673 1000 3737 rite
1032 3671 1216 3737 emendatae
1246 3695 1333 3737 nunc

145 3794 209 3883 legi
237 3795 374 3883 possint,
409 3794 462 3858 sed
493 3794 633 3883 exceptio
665 3816 729 3858 nou
760 3792 866 3872 deest,
899 3816 973 3859 nam
1005 3792 1088 3858 male
1118 3792 1217 3858 eiusd.
1253 3791 1331 3882 Gap.

148 3918 165 4000 §
205 3918 223 3979 7
262 3915 394 3980 correxit
428 3937 575 4004 praesens
606 3926 730 4004 tempus
741 3937 758 3993 ,¹
784 3911 839 3978 ubi
868 3915 989 4004 primae
1019 3938 1131 3980 manus
1163 3916 1335 4003 requiritur

146 4035 340 4125 perfeetum:
380 4034 513 4100 «Ahala
542 4047 612 4124 post
644 4035 697 4125 Sp.
731 4035 838 4100 Maelii
860 4048 1016 4112 mortem,
1043 4058 1137 4125 quem
1161 4037 1226 4124 ipse
1250 4038 1334 4102 occi-

146 4155 236 4221 derat
270 4179 403 4244 regnum
439 4155 669 4234 adfectantem,
706 4155 861 4221 custodita
895 4155 1040 4221 libertate
1073 4157 1209 4234 civium,
1243 4157 1334 4223 exilio

146 4299 203 4342 suo
237 4298 353 4364 poenas
381 4275 600 4366 pependit,›>
635 4277 676 4342 cf.
714 4274 818 4342 Valer.
857 4276 904 4355 V,
943 4283 962 4342 3
995 4279 1012 4361 §
1046 4281 1085 4356 2,
1117 4277 1202 4365 quod
1234 4279 1334 4345 Maius

151 4421 297 4488 spernere
321 4420 385 4462 uon
409 4397 572 4464 debuerat.

197 4516 315 4585 Contra
350 4518 493 4584 codicem
527 4518 668 4584 exhibuit
704 4516 900 4584 doctissimus
935 4518 1036 4584 editor
1070 4518 1144 4609 Gap.
1181 4523 1199 4582 4
1238 4522 1254 4603 §
1292 4526 1332 4585 3:

150 4640 221 4707 «L.
258 4640 378 4706 Manlio
415 4637 581 4730 Torquato
608 4639 693 4707 diem
728 4638 766 4704 ad
801 4640 955 4731 populum
991 4640 1182 4730 Pomponius
1215 4652 1256 4706 tr.
1290 4641 1336 4731 pl.

295 4783 298 4791 ·
1061 4763 1096 4811 20
