2946 5182
146 340 209 402 202
527 352 705 398 renuamus
730 352 941 400 nrrorrsuus.

143 525 289 592 librarius
313 522 539 613 stupidissimus
563 512 748 612 scripturam
772 524 960 592 ornatiorem
984 537 1016 592 et
1035 525 1220 612 antiquam,
1243 524 1326 588 Lon·

144 645 311 736 gobardica
343 667 424 732 quae
454 642 589 721 dicitur,
619 666 682 708 non
714 643 852 710 tenebat.
903 642 999 710 Cuius
1030 644 1076 708 rei
1100 656 1185 708 certa
1207 643 1328 710 indicia

144 791 176 832 se
200 767 356 856 produnt,
381 764 487 853 qualia
510 775 602 842 sunt,
628 787 722 854 epro
745 787 788 828 ae
811 777 842 830 et
866 787 902 828 oc
922 764 1044 854 saepius
1061 765 1181 853 posita,
1200 764 1328 830 litterae

144 891 159 951 i
181 887 281 951 forma
304 885 446 974 longior,
472 907 568 972 quarn
590 907 647 972 pro
672 885 842 974 laccepit,
868 885 944 974 sigla
957 907 1027 976 per
1048 898 1079 950 et
1092 907 1187 976 proc
1205 886 1328 964 mixta,

139 1017 266 1073 'necnon
298 1016 333 1071 et
355 1029 412 1095 pro
444 1015 479 1070 st
509 1018 676 1095 acceptae,
703 1006 816 1072 ride5
848 1009 865 1090 §
893 1012 934 1084 5,
960 1010 1001 1085 6,
1027 1007 1206 1072 terminatio
1230 1031 1273 1071 us
1297 1021 1330 1072 et

143 1151 214 1205 um,
250 1126 300 1192 vel
334 1125 465 1214 simplex
498 1149 515 1190 s
550 1139 582 1190 et
615 1151 646 1190 m
678 1127 791 1191 omissa
820 1139 874 1191 aut
902 1140 1101 1216 praepostere
1126 1126 1246 1208 addita3
1282 1140 1330 1193 est

143 1249 227 1314 enim
256 1247 317 1312 hoc
347 1247 509 1336 proprium
542 1245 618 1333 quid
649 1246 907 1336 Longobardicae
938 1248 1127 1336 scripturae,
1161 1249 1251 1313 cuius
1283 1249 1331 1313 rei

142 1392 217 1459 prae
252 1368 362 1434 ceteris
396 1367 503 1432 iuveni
531 1367 674 1456 exempla
705 1391 800 1455 quam
831 1367 967 1457 plurima
998 1369 1031 1432 in
1065 1366 1182 1434 Codice
1213 1369 1330 1433 eximio

143 1490 199 1556 N⁰.
233 1494 275 1555 76
307 1490 340 1554 in
371 1486 450 1554 bibl.
480 1486 653 1553 Barbarina
675 1511 758 1577 quae
783 1499 829 1554 est
852 1487 986 1581 llomae;
1019 1511 1128 1554 verum
1148 1502 1332 1554 constanter

143 1623 174 1664 se
197 1599 301 1688 prodit
324 1599 476 1688 scriptura
500 1596 739 1687 Longobardica
761 1598 937 1678 erroribus,
964 1597 1078 1686 quibus
1089 1599 1190 1663 forma
1202 1598 1331 1664 litterae

145 1743 159 1797 t
190 1756 297 1799 ansam
329 1733 494 1822 praebuit,
520 1731 637 1821 quippe
661 1756 741 1822 quae
765 1735 831 1800 fere
854 1735 898 1799 sio
917 1751 973 1812 ω
996 1733 1111 1820 scripta
1135 1753 1152 1795 a
1176 1730 1284 1796 littera
1308 1755 1331 1794 a

142 1869 191 1932 vix
214 1867 389 1957 discrepare
411 1867 534 1932 videtur
556 1866 685 1945 lectori,
712 1890 807 1955 quem
829 1867 907 1932 latet
931 1888 1068 1954 quonam
1092 1877 1211 1953 puncto
1237 1863 1332 1929 diffe-

143 1986 214 2038 rant
237 1975 319 2038 inter
341 1995 386 2052 se3
413 1972 484 2038 ride
507 1973 655 2050 omniuo,
680 1995 755 2036 nam
778 1971 880 2038 verbis
904 1972 983 2039 haec
1007 1969 1141 2036 describi
1170 1992 1236 2034 non
1256 1993 1331 2059 pos-

144 2106 236 2172 sunt,
273 2092 517 2163 Silvestretab.
552 2097 614 2170 33,
641 2096 706 2170 74,
734 2096 817 2171 128,
843 2095 921 2172 154;
947 2092 1023 2157 hinc
1049 2099 1061 2155 l
1091 2093 1109 2175 §
1136 2093 1178 2154 10
1201 2089 1332 2156 exhibet

143 2214 289 2279 librarius
320 2225 426 2278 noster
457 2212 678 2277 dicatarram
706 2236 763 2302 pro
788 2212 1023 2291 dictaturam,
1048 2217 1066 2277 7
1093 2213 1111 2296 §
1137 2215 1157 2276 4
1181 2215 1331 2276 conaria

142 2358 199 2425 pro
211 2343 354 2413 eontra,
369 2339 386 2398 7
403 2337 420 2418 §
439 2337 478 2399 15
491 2334 667 2400 urallibua
678 2357 735 2424 pro
749 2334 935 2413 trallibus,
957 2338 978 2398 9
992 2336 1010 2418 §
1027 2337 1048 2398 8
1060 2333 1329 2412 araustulerut,

141 2469 173 2522 ct
196 2460 235 2520 21
263 2459 281 2541 §
306 2459 328 2520 4·
350 2457 569 2520 consolatrim
590 2453 676 2520 dedit
698 2478 847 2544 procum
871 2455 947 2519 sola
969 2477 1058 2533 arx,
1079 2451 1192 2518 cadem
1211 2475 1329 2534 causa,

142 2591 173 2644 et
208 2577 257 2642 rel
287 2577 330 2641 sic
361 2588 468 2641 tamen
498 2575 639 2641 nondum
671 2577 774 2664 potuit
802 2599 924 2665 sapera;
951 2587 1005 2640 aut
1027 2574 1151 2640 litterae
1175 2583 1191 2638 t
1211 2574 1331 2639 ductus

141 2713 332 2764 transversus
363 2697 573 2761 sinistrorsum
603 2709 749 2762 curvatus
773 2709 804 2764 et
827 2696 867 2761 ad
889 2697 1006 2762 lineam
1030 2718 1131 2785 usque
1152 2694 1330 2785 productus

143 2821 182 2884 ab
214 2820 280 2886 istis
309 2841 366 2909 pro
398 2821 414 2881 1
435 2817 485 2883 rel
508 2841 528 2882 c
550 2818 599 2884 rel
622 2840 642 2881 r
664 2816 819 2897 babetur,
844 2818 919 2884 hinc
942 2817 1089 2882 librarius
1111 2828 1219 2883 noster
1242 2816 1331 2882 dedit

144 2945 179 3007 11
221 2943 239 3025 §
267 2945 286 3005 7
320 2939 429 3003 dictis
460 2938 649 3028 proditis,
676 2941 716 3004 18
742 2941 760 3024 §
789 2942 808 3003 1.
832 2938 959 3003 delecti
980 2960 1037 3028 pro
1061 2937 1237 3015 deleti,·6
1263 2941 1326 3023 §l

132 3063 342 3149 sortuuaua't
371 3083 428 3151 pro
452 3059 606 3148 fortuna
637 3070 695 3139 ut,
721 3065 741 3125 8
767 3063 784 3145 §
814 3063 828 3124 1
856 3062 1005 3124 intentio
1029 3058 1085 3123 ubi
1108 3080 1173 3147 pro«
1191 3062 1329 3123 intento

140 3183 214 3246 dare
237 3204 301 3246 non
324 3193 447 3269 poterat
469 3184 638 3259 intersita,
664 3185 682 3245 7
710 3183 727 3266 §
755 3185 797 3245 10
820 3183 1027 3270 reportatum
1050 3201 1108 3268 pro
1124 3183 1326 3269 repetitum.

140 3301 326 3368 Praesertim
356 3301 438 3365 fallit
468 3300 618 3366 lectorem
650 3301 754 3366 littera
787 3311 803 3365 t
834 3303 859 3366 si
890 3300 1051 3391 praecedit
1070 3302 1117 3378 ,1,
1141 3322 1218 3365 nam
1241 3301 1329 3389 prior

139 3425 252 3490 ductus
276 3445 371 3511 quem
395 3420 540 3486 dicebam
565 3444 638 3486 cum
662 3426 677 3485 a'
699 3421 870 3488 cohaerens
887 3421 1147 3487 videturefficere
1168 3445 1210 3498 a,
1236 3405 1328 3510 atqui

139 3546 253 3636 passim
284 3543 362 3608 dant
389 3541 510 3606 librarii
541 3541 635 3607 huius
666 3543 712 3607 rei
734 3543 836 3632 ignari
859 3551 899 3606 at
922 3542 978 3607 ubi
1001 3546 1031 3607 z't
1054 3554 1121 3607 erat
1141 3540 1326 3608 describen-

138 3667 235 3745 dum,
267 3687 380 3755 parum
406 3663 533 3728 solliciti
554 3662 731 3752 imperfecti
753 3662 918 3739 lubebat,
944 3663 1000 3727 ubi
1021 3663 1166 3727 futurum
1189 3664 1326 3754 requiri,

139 3801 207 3865 tur,
232 3785 302 3851 ride
325 3785 359 3850 in
381 3784 504 3874 praei,
529 3796 584 3848 aut
606 3784 818 3861 coniunctim,
843 3783 900 3848 ubi
910 3782 1072 3849 indicativi
1083 3782 1172 3848 locus
1184 3797 1253 3864 est,
1275 3785 1324 3852 vel

140 3933 162 3972 a
191 3909 361 3972 inserentes
394 3906 434 3970 cf.
472 3908 486 3969 l
518 3910 536 3992 §
572 3907 674 3984 12,5
706 3908 788 3993 57,
814 3908 834 3970 6
859 3908 877 3990 §
902 3910 944 3982 3,
970 3909 989 3969 9
1013 3909 1039 3992 §
1056 3907 1116 3984 22,
1141 3924 1224 3994 quae
1247 3908 1324 3971 item

139 4029 264 4096 exulare
288 4026 381 4091 debet
403 4026 437 4089 iu
460 4024 619 4090 Anatoni
643 4027 657 4088 1
685 4026 703 4108 §
729 4028 793 4089 21..

185 4148 287 4213 liuius
309 4147 363 4212 ‘rei
398 4168 497 4233 quum
531 4145 610 4209 ratio
645 4144 833 4223 habebitur,
869 4146 1023 4234 scriptura
1058 4169 1123 4210 non
1158 4147 1237 4215 adeo
1264 4149 1323 4214 erit

137 4269 308 4360 impedita,
343 4272 439 4357 quam
470 4267 596 4332 Blumio
626 4266 810 4345 ridebatur,
842 4279 873 4332 et
896 4267 941 4332 sic
964 4269 1152 4334 coniecturis
1174 4292 1212 4335 er
1236 4281 1323 4336 certa

139 4391 283 4481 analogia
306 4389 422 4454 tentari
444 4400 592 4477 poterunt
615 4388 678 4454 loci
700 4389 775 4453 vitio
795 4387 990 4468 laborantes,
1013 4391 1174 4454 utstatim
1193 4390 1340 4457 faciam.'

137 4516 222 4582 Iusta
242 4510 398 4600 Kompfii,
418 4508 457 4572 ad
478 4508 549 4573 vat.
571 4510 669 4598 praef.
684 4533 716 4598 p.
732 4513 795 4588 68,
821 4522 868 4575 est
891 4509 1039 4598 querela,
1065 4511 1186 4577 Maium
1208 4511 1243 4576 iu
1261 4511 1323 4578 hoc

138 4639 288 4727 scriptore
319 4629 511 4700 restituendo
542 4630 671 4697 arbitrio
703 4655 758 4696 suo
789 4630 972 4716 indulsisse,
1006 4631 1090 4719 quod
1120 4632 1252 4722 planum
1273 4633 1322 4699 illi
