2946 5182
566 380 749 431 scararum
774 385 915 433 coortus.
1295 368 1334 433 17

146 577 205 631 ss,
236 561 268 616 tt
292 563 347 617 aut
370 551 527 640 simplices
550 553 624 619 istas
647 553 782 633 dederit3
810 552 1001 642 quibusnam
1025 554 1127 620 uerbis
1150 578 1169 619 o
1193 577 1266 621 cum
1289 579 1332 634 u,

145 678 162 739 i
184 696 259 741 cum
284 696 324 751 a,
351 694 368 736 e
391 694 465 738 cum
489 696 531 752 u,
557 695 600 738 aa
623 695 697 739 cum
721 695 738 737 e
760 673 936 753 miscuerit3
960 695 1020 738 nec
1040 675 1142 763 qualis
1162 676 1191 741 ei
1204 676 1242 740 sit
1254 677 1333 741 ratio

144 794 178 859 in
212 793 391 860 accusativo
422 805 453 861 et
484 794 678 860 nominativo
701 793 817 884 plurali
841 797 875 859 is
897 816 955 884 pro
979 817 1016 860 es
1039 796 1216 876 scribendi,
1242 801 1335 862 auti

142 938 202 1007 pro
225 915 353 1005 duplice
375 912 605 995 contrahendi,
634 926 689 981 aut
712 913 851 981 elidendi
873 914 1002 982 brevem
1025 917 1167 989 vocalem
1189 919 1223 983 in
1247 916 1331 997 fine,

143 1035 195 1103 rel
225 1059 248 1102 u
277 1036 311 1101 in
342 1035 447 1102 medio
479 1035 589 1115 rerbo;
620 1057 746 1103 necnon
778 1060 796 1101 c
825 1058 883 1126 pro
915 1060 980 1125 qu,
1002 1039 1030 1126 J‘
1058 1061 1115 1128 pro
1131 1041 1186 1130 pla
1210 1041 1333 1128 quoties

143 1179 219 1224 usus
241 1157 300 1236 sit,
325 1168 381 1222 aut
404 1155 519 1246 quibus
542 1157 577 1221 in
599 1156 701 1222 verbis
720 1155 939 1246 adspirationis
957 1180 1053 1224 causa
1071 1158 1270 1252 adscripserit
1290 1162 1331 1241 Ιι,

143 1302 163 1344 c
193 1299 268 1344 curn
300 1285 316 1341 t
342 1277 528 1356 mutaverit,
557 1288 613 1341 aut
636 1276 655 1340 6
678 1298 751 1342 cum
775 1299 799 1341 u
820 1278 993 1345 miscuerit.
1043 1279 1164 1345 Harum
1188 1283 1331 1348 omniurn

142 1421 251 1466 aarum
274 1420 353 1489 quas
376 1398 500 1464 confeci
522 1396 646 1462 tabulas
669 1397 749 1464 mihi
771 1421 930 1466 reservare
948 1399 1056 1481 libuit3
1080 1402 1226 1492 apparuit
1245 1402 1331 1469 enim

140 1521 192 1588 rix
215 1518 335 1610 aliquid
356 1518 437 1585 lucri
461 1516 535 1584 inde
559 1518 645 1598 fieri3
678 1517 923 1610 orthographiae
950 1521 1107 1587 studiosus
1135 1523 1269 1612 quisque
1296 1525 1330 1590 in

141 1663 236 1707 suum
269 1663 364 1706 usum
398 1662 450 1707 eas
484 1651 674 1728 componat,
710 1661 770 1706 nec
800 1652 848 1706 cst
878 1663 936 1706 cur
954 1642 1029 1707 istas
1052 1641 1207 1709 lectorum
1230 1643 1330 1710 oculis

141 1761 327 1840 suhiicim,
374 1761 436 1826 nisi
477 1760 561 1827 hanc
606 1783 704 1826 unam
744 1760 787 1826 ob
822 1784 973 1842 causam,
1020 1784 1084 1852 quo
1114 1764 1238 1830 facilius
1267 1765 1329 1830 illis

138 1883 347 1974 persuadeam
377 1881 438 1948 hac
469 1905 597 1973 quoque
624 1883 658 1947 in
689 1905 723 1949 re
750 1905 906 1950 summam
930 1884 1051 1951 librarii
1073 1908 1174 1974 aeque
1197 1908 1234 1951 ac
1258 1907 1329 1950 cor-

139 2005 269 2072 rectoris
292 2027 359 2072 esse
376 2003 639 2078 inconstantiam,
661 2002 746 2070 unde
764 2005 858 2072 facile
876 2004 1013 2072 deducas
1030 2019 1241 2073 correctorem
1259 2006 1328 2072 iure

139 2148 196 2193 suo
225 2127 340 2216 passim
371 2125 553 2192 emendasse
584 2148 705 2192 errores
735 2127 769 2191 in
801 2125 1046 2218 orthographia,
1079 2126 1132 2195 sed
1167 2129 1211 2192 ita
1233 2139 1268 2192 ut
1291 2149 1328 2193 ex

137 2247 200 2314 hoc
222 2247 318 2314 unico
347 2246 456 2313 codice
478 2247 589 2336 regula
612 2259 698 2314 certa
720 2247 810 2313 nulla
832 2248 978 2339 prodeat;
1007 2247 1195 2314 adhibeatur
1218 2260 1327 2314 contra

139 2391 213 2435 cum
241 2368 328 2448 aliis,
361 2389 436 2433 nam
467 2367 629 2433 communi
660 2368 775 2434 auxilio
806 2368 927 2460 aliquid
957 2369 1104 2460 proficiat
1130 2391 1257 2436 necesse
1280 2381 1327 2436 est

140 2489 279 2556 Tulliani
305 2488 406 2580 operis
429 2487 567 2579 genuina
590 2487 756 2578 scriptura.

184 2610 345 2700 lienique,
376 2621 412 2674 ut
442 2609 476 2674 in
499 2631 571 2675 mea
594 2606 768 2673 Collatione
791 2619 894 2674 essent
916 2630 1127 2698 quaecunque
1151 2609 1190 2676 ad
1210 2609 1326 2677 codicis

139 2731 325 2823 scripturam
360 2728 612 2820 cognoscendam
645 2728 783 2807 faciant,
817 2728 902 2816 quod
929 2728 961 2794 in
988 2729 1190 2820 palimpsesto
1217 2743 1324 2798 nostro

137 2866 266 2945 propter
315 2853 560 2943 quaternionum
607 2848 929 2939 membranarumque
974 2849 1116 2916 ordinem
1161 2851 1325 2918 turbatum

138 2975 349 3041 necessarium
372 2987 436 3055 est,
462 2972 612 3063 adscripsi
636 2972 779 3037 omnium
802 2971 950 3037 foliorum
974 2971 1120 3050 initium,
1143 2995 1206 3062 quo
1230 2975 1325 3040 simul

139 3095 192 3162 alii
214 3119 334 3163 errores
354 3120 386 3164 se
404 3095 554 3186 prodant;
580 3095 625 3160 sic
647 3093 729 3160 libro
752 3092 769 3159 l
793 3095 811 3178 §
833 3096 876 3159 37
901 3085 980 3160 Nou
999 3091 1006 3184 Ι
1024 3117 1059 3184 p.
1085 3097 1151 3161 223
1171 3093 1325 3160 Hercule

139 3216 287 3307 equidem
311 3215 460 3283 excidisse
484 3213 641 3282 contendo
665 3213 743 3279 duas
765 3213 836 3279 illas
858 3213 978 3280 litteras
1001 3236 1073 3294 me,
1099 3233 1176 3304 quas
1200 3237 1325 3282 correc-

139 3348 188 3403 tor
210 3336 374 3427 adscripsit
397 3337 414 3404 1
437 3339 455 3423 §
479 3342 545 3416 31,
573 3357 648 3401 nam
672 3333 783 3401 eadem
806 3333 908 3399 forma
931 3334 1069 3399 occurrit
1094 3333 1111 3400 1
1134 3336 1152 3420 §
1179 3338 1238 3415 14,
1264 3339 1321 3418 593

138 3469 170 3524 et
198 3457 270 3524 vide
300 3458 429 3524 omniuo
459 3458 541 3524 infra
572 3454 612 3522 ad
642 3455 658 3522 l
685 3457 704 3541 §
733 3457 794 3534 52,
820 3465 916 3542 atque
939 3452 995 3518 ubi
1018 3454 1151 3542 repetita
1175 3457 1325 3545 expunxit

138 3576 341 3660 emendator,
364 3579 497 3669 inspice:
520 3579 574 3664 15
595 3581 658 3657 25,
681 3579 746 3655 28,
767 3578 831 3654 66,
856 3574 889 3642 ll
910 3576 927 3659 §
951 3577 992 3653 2,
1014 3578 1054 3652 5,
1076 3577 1140 3653 27,
1162 3579 1226 3655 58,
1247 3598 1325 3642 nec·

138 3721 221 3780 non,
243 3699 299 3766 ubi
322 3699 407 3790 quod
431 3698 587 3766 exciderat
610 3697 767 3788 supplevit
790 3707 960 3762 corrector:
987 3695 1019 3761 ll
1043 3697 1061 3780 §
1086 3697 1149 3773 28,
1172 3700 1232 3777 58,
1258 3701 1322 3779 61,

138 3820 275 3912 denique
287 3820 343 3886 ubi
365 3821 543 3887 emendarit
555 3842 716 3898 errorem,
737 3817 770 3884 Il
790 3818 809 3902 §
825 3821 882 3895 373
897 3814 958 3882 hac
969 3816 1003 3881 in
1016 3838 1049 3881 re
1063 3816 1164 3882 Maius
1176 3817 1210 3882 in
1221 3819 1323 3907 prima

139 3941 276 4009 editione
298 3942 479 4032 diligentius
500 3943 582 4032 egit,
607 3941 641 4007 in
660 3939 758 4006 altera
780 3959 897 4028 paucos
913 3959 1032 4003 errores
1053 3938 1225 4018 commisit,
1245 3964 1323 4030 quos

139 4078 247 4131 notare
271 4086 335 4129 non
365 4076 466 4130 vacat.
501 4061 574 4129 Scio
599 4084 663 4128 esse
686 4058 857 4151 quosdam,
882 4057 998 4149 quibus
1021 4081 1061 4124 ne
1091 4081 1162 4125 mea
1194 4062 1322 4150 quidem

139 4183 282 4252 lectionis
313 4184 444 4250 uarietas
479 4183 622 4249 sufficere
656 4179 819 4261 videatur,
847 4177 1027 4245 desiderant
1057 4179 1107 4244 isti
1130 4203 1201 4247 eam
1225 4183 1324 4249 colla-

140 4305 278 4385 tionem,
309 4328 391 4395 quae
421 4303 537 4371 codicis
568 4302 658 4392 quasi
688 4301 793 4390 imago
824 4300 882 4379 sit,
907 4312 938 4366 et
962 4323 1026 4366 non
1050 4301 1153 4367 solum
1174 4302 1323 4371 loliorum

141 4429 334 4495 notationem
363 4425 544 4517 postulant,
574 4447 683 4491 rerum
711 4421 936 4488 laterculorum
959 4422 1023 4487 imo
1042 4445 1189 4489 versuum
1205 4425 1326 4493 indicia

143 4547 198 4617 sihi
224 4551 402 4638 requirunt.
453 4547 561 4615 Athis
580 4561 669 4617 retus
687 4544 767 4613 illud
785 4545 879 4624 μηδὲν
898 4542 985 4625 ἄγαν
1007 4543 1157 4611 obiecisse
1173 4547 1319 4617 sufficiat.
