2946 5182
139 370 200 432 178
609 383 717 429 1ua1us
741 381 845 428 ranis.

136 555 275 632 dixerut,
295 549 393 639 ¹quod
425 544 527 621 filium
557 549 688 619 militiae
717 562 826 640 aptum
856 551 972 621 rustico
995 573 1090 640 opere
1111 559 1329 638 gravaret.»

139 673 257 760 Quidni
288 671 428 760 legamus
453 669 699 760 gravaretur?
735 671 817 738 Nam
840 670 902 738 hoc
926 671 1057 739 uerbum
1081 684 1246 760 tamquam
1273 670 1330 738 de·

136 816 258 886 ponens
282 814 373 882 saepe
396 789 589 859 adhibebant
612 803 742 860 veteres.

185 913 306 981 Ultima
343 914 360 996 §
392 910 485 979 huius
518 909 637 1001 Capitis
669 911 770 978 Maius
800 910 912 977 eedem
944 911 1080 992 chorda,
1113 935 1176 1002 qua
1208 911 1332 979 librarii

138 1035 258 1114 solent,
295 1031 468 1099 aberravit:
527 1032 637 1101 «Cum
670 1032 754 1099 inter
789 1029 1015 1122 Carthaginem
1048 1046 1080 1100 et
1115 1031 1259 1122 Cyrenas
1289 1033 1331 1099 de

138 1157 204 1246 agri
224 1153 317 1220 modo
336 1153 584 1242 pertinacissima
597 1153 756 1225 contentio
769 1166 868 1232 esset,
893 1153 1013 1244 placuit
1034 1154 1195 1243 utrimque
1215 1153 1332 1220 eodem

138 1290 279 1366 tempore
307 1276 434 1341 iuvenes
463 1272 503 1339 ad
531 1273 637 1341 locum
660 1273 755 1343 mitti.
805 1273 881 1341 Hoc
899 1283 1008 1363 pacto
1031 1273 1093 1341 duo
1117 1274 1229 1341 batres
1252 1273 1332 1344 Car-

138 1395 384 1487 thaginiensium
405 1393 530 1460 Phileni
548 1392 682 1484 perfidia
694 1405 1017 1484 praecucurrerunt.»
1046 1393 1076 1460 N
1078 1417 1119 1463 ou
1136 1395 1223 1461 enim
1240 1394 1333 1461 abla-

137 1521 201 1585 tivo
230 1529 360 1607 propter
380 1515 460 1580 illud
484 1515 545 1581 hoo
569 1514 623 1585 sod
655 1516 831 1585 accusativo
856 1535 934 1604 opus
958 1525 1024 1591 est,
1050 1535 1144 1601 quern
1176 1513 1278 1581 codex
1302 1527 1334 1581 et

139 1640 210 1706 vat.
238 1638 288 1718 V,
313 1640 333 1702 6
359 1637 429 1702 un.
455 1639 472 1722 §
501 1635 712 1716 territent,
731 1645 889 1727 pactam.

185 1759 213 1826 A
248 1758 419 1849 typothetis
450 1756 585 1847 petenda
616 1769 662 1823 est
689 1781 713 1821 a
749 1754 825 1847 (lap.
858 1760 879 1823 6
912 1759 930 1841 §
962 1760 982 1822 6
1014 1756 1054 1823 de
1078 1756 1240 1823 Hortensii
1264 1757 1334 1823 lilio

140 1882 261 1945 «male
291 1880 439 1957 famae,>›
470 1890 502 1943 et
529 1878 633 1943 littera
657 1901 680 1940 a
705 1879 723 1961 §
749 1881 769 1943 8
794 1879 827 1942 in
851 1877 921 1942 loco
945 1878 1061 1967 patris,
1087 1878 1143 1966 qui
1166 1899 1336 1943 «uxorem

140 1998 343 2067 iureiurando
379 2001 591 2076 obstrictu»
627 2020 708 2086 quae
740 1998 823 2071 male
857 1998 997 2066 abundat
1028 2000 1061 2067 in
1095 1999 1159 2064 fine
1190 1999 1336 2065 eiusdem

141 2121 350 2212 paragraphi,
387 2143 451 2185 nou
492 2119 577 2185 enim
618 2118 701 2184 «ille
739 2131 829 2209 pater
860 2142 960 2209 quum
995 2119 1135 2209 gladium
1167 2120 1235 2185 filio
1268 2133 1335 2186 tra·

142 2242 222 2311 didit
245 2264 281 2306 ae
300 2239 446 2330 iugulum
457 2237 634 2309 feriendum
654 2238 819 2329 praebuit,
842 2244 974 2309 inorruit
985 2241 1063 2306 haee
1076 2265 1123 2306 res
1136 2242 1288 2307 iuvenem
1299 2265 1335 2321 ,u

143 2361 197 2427 sed
224 2364 330 2425 mouit
361 2361 492 2450 opinor,
525 2372 561 2425 ut
592 2360 678 2431 Paris
698 2380 762 2424 uno
788 2359 881 2428 verbo
904 2360 991 2429 dedit
1013 2384 1070 2451 pro
1094 2362 1214 2428 Valerii
1237 2362 1289 2443 V,
1314 2366 1335 2428 9

144 2485 161 2568 §
188 2485 223 2549 4:
276 2483 374 2568 «Quo
399 2482 483 2547 facto
506 2503 570 2547 non
595 2481 749 2571 paulatim
777 2480 830 2547 sed
854 2505 968 2570 magno
992 2483 1114 2571 impetu
1138 2496 1225 2549 reeta
1247 2485 1336 2572 eogi-

143 2604 220 2669 tatio
244 2615 354 2693 peetus
378 2602 500 2668 iuvenis
523 2603 727 2692 occuparit.»

128 2753 136 2770 ·
190 2722 307 2791 Contra
337 2723 575 2813 grammaticam
606 2723 748 2812 peccavit
781 2724 882 2789 Maius
913 2722 1028 2789 codicis
1051 2724 1224 2789 lectionem
1237 2748 1344 2815 sper(

144 2869 222 2912 nens
253 2842 331 2934 Gap.
365 2848 383 2909 7
410 2842 434 2931 S
462 2845 500 2908 l:
551 2844 728 2911 «Horatius
752 2842 905 2909 Pulvillus
930 2867 1003 2910 cum
1025 2845 1059 2909 in
1084 2842 1243 2933 Capitolio
1270 2846 1336 2912 Ioni

146 2965 273 3057 Optimo
305 2965 441 3031 Maximo
465 2965 576 3031 aedem
600 2963 779 3043 dedicaret,
804 2966 950 3054 interque
974 2967 1249 3053 nuncupationem
1275 2967 1335 3032 sol·

144 3090 283 3157 lemnem
307 3085 476 3155 uerborum
499 3098 661 3154 mortuum
674 3085 776 3152 filium
789 3109 880 3153 suum
905 3086 1070 3165 audiret,
1094 3085 1190 3166 tolle,
1211 3088 1334 3177 inquit,

146 3207 315 3275 cadaver.»
362 3206 448 3271 Paris
480 3219 585 3273 autern
617 3206 778 3273 Valerium
811 3206 860 3285 V,
893 3209 933 3272 10
958 3210 975 3293 §
1003 3211 1017 3274 l
1045 3190 1227 3274 desbribens
1250 3209 1337 3276 dedit

148 3327 322 3394 audisset.
718 3324 722 3332 ’

194 3449 290 3515 Libro
308 3447 372 3524 Vl,
401 3444 477 3536 Cap.
506 3452 525 3510 3
552 3448 569 3531 §
594 3450 614 3510 9
638 3447 751 3511 vitium
772 3448 896 3536 irrepsit
916 3448 999 3539 apud
1011 3448 1154 3513 librarios
1167 3450 1338 3539 frequens,

149 3571 202 3643 sed
227 3594 245 3634 a
266 3592 329 3658 quo
349 3566 451 3634 editor
476 3589 586 3633 carere
609 3565 719 3645 debet,
745 3568 833 3655 atqui
862 3590 919 3657 pro
951 3567 1121 3635 «Senatus
1154 3572 1338 3637 consulibus

149 3691 311 3759 mandavit
334 3688 373 3756 de
395 3688 461 3768 his,
484 3688 541 3776 qui
564 3687 658 3752 sacris
682 3687 950 3755 bacchanalibus
973 3690 1091 3756 inceste
1119 3691 1168 3756 usi
1191 3693 1337 3773 fuerant,

150 3813 388 3901 inquirerent,»
412 3832 449 3875 ex
467 3807 575 3875 codice
595 3806 794 3897 reponendus
811 3822 858 3875 est
878 3811 1032 3899 genitivus
1052 3813 1338 3893 bacchanalium,

152 3945 188 3999 ut
211 3945 257 3999 est
280 3930 364 4021 apud
388 3930 458 3995 tal.
474 3928 538 4008 VI,
564 3934 584 3997 3
608 3926 632 4016 S
659 3933 700 4009 7,
726 3930 781 4018 qui
804 3953 841 3995 er
865 3931 953 4001 Lirio
978 3931 1073 3998 tradit
1094 3931 1132 3997 de
1153 3934 1342 4000 mulieribus

152 4052 295 4126 ‚consules
326 4051 521 4139 inquisivisse
544 4073 660 4139 eaeqtm
684 4049 846 4121 damnatas
870 4075 954 4130 esse,
981 4050 1057 4120 dum
1081 4054 1165 4143 apud
1193 4055 1341 4126 Paridem

150 4174 284 4264 legimus
314 4184 436 4262 partem
469 4191 499 4241 Ρ.
531 4190 563 4238 lt.
597 4188 664 4245 esee
691 4172 836 4262 punitam
861 4185 892 4238 et
912 4171 951 4239 de
974 4172 1038 4252 his,
1064 4178 1124 4262 qui
1146 4175 1267 4242 inceste
1292 4181 1345 4242 usi

152 4297 277 4362 fuerant
312 4292 374 4361 illis
409 4293 521 4371 sacris,
559 4294 775 4382 quaestionem
804 4316 869 4365 esse
904 4293 1062 4373 habitam,
1088 4318 1169 4385 quae
1192 4295 1345 4364 historica

152 4414 328 4482 differentia
353 4413 564 4479 abbreviatori
587 4437 651 4478 non
676 4414 804 4479 librario
828 4414 998 4484 tribuatur.

200 4535 318 4605 Contra
341 4535 564 4624 grammaticae
588 4534 739 4623 regulam,
754 4535 856 4605 Maius
880 4533 1003 4603 induxit
1028 4535 1190 4604 Socratem
1208 4540 1347 4630 loquen-

152 4674 217 4726 tem
248 4657 324 4746 (lap.
352 4662 370 4724 4
396 4661 413 4743 §
439 4660 479 4736 9,
506 4677 606 4743 quum
630 4655 740 4743 byciae
765 4656 980 4727 defensionem
1006 4673 1163 4726 recusaret
1187 4660 1250 4728 hoc
1274 4687 1349 4752 qra-
