2946 5182
586 361 903 425 ’161166661616.“
937 366 943 374 '
1284 357 1323 419 19

138 561 246 616 nostro
275 547 388 615 codice
414 545 489 611 libri
517 545 550 612 ΙΙ
579 546 691 612 1116166
721 546 755 611 16
784 545 894 612 tabula
920 567 1050 613 excusus
1077 547 1236 624 cernitur,
1262 544 1325 610 sire

137 669 252 737 eadem
275 689 423 736 mensura
447 688 510 756 qua
533 679 635 732 textus
656 679 820 745 exaratur,
842 679 877 733 ut
890 667 1057 733 Frontonis
1069 667 1185 734 codicis
1197 667 1326 732 afferam

137 791 319 881 exemplum
352 790 386 854 in
419 788 557 856 editione
589 788 677 855 Maii.
725 787 788 856 Sed
819 811 859 854 ne
890 789 969 856 haec
1001 789 1130 878 quidem
1159 787 1326 855 methodus

138 923 286 979 constans
309 923 375 989 est,
409 910 435 975 si
458 909 588 998 quidem
611 910 712 989 Livii,
738 911 848 998 quiin
871 910 1065 976 bibliotheca
1090 910 1327 977 Vindobonensi

138 1032 199 1099 N⁰.
225 1037 287 1111 15,
313 1030 391 1098 Silr.
416 1031 482 1097 tab.
512 1035 595 1110 136,
620 1043 811 1110 asservatur,
836 1031 922 1097 tituli
941 1030 1051 1097 iisdem
1070 1032 1327 1098 semiuncialibus

137 1152 251 1220 litteris
276 1152 391 1241 quibus
414 1165 517 1218 textus
540 1152 674 1242 scriptus
697 1152 792 1217 fucrit
815 1151 941 1217 saeculo
965 1165 1049 1218 sexto
1073 1166 1219 1220 exeunte.

186 1274 236 1340 Ad
254 1275 451 1364 propositum
474 1294 548 1338 cum
572 1273 656 1338 Maio
681 1273 859 1352 redeamus,
884 1273 940 1361 qui
961 1296 1034 1363 pag.
1063 1291 1147 1340 1,er
1168 1275 1327 1341 verissime

139 1395 283 1462 observat
302 1396 518 1486 «scripturam
537 1416 703 1483 magnam,
723 1393 908 1484 pulchram,
928 1394 1114 1482 quadratam
1133 1407 1164 1461 et
1184 1395 1327 1461 Romana

138 1513 373 1608 quodammodo
403 1514 566 1581 maiestate
595 1514 771 1604 praeditam
801 1527 871 1605 post
899 1528 1020 1581 sextum
1044 1527 1099 1581 aut
1122 1528 1207 1582 certe
1230 1518 1328 1608 septi-

138 1660 229 1705 mum
253 1635 416 1703 saeculum
438 1636 488 1700 rix
508 1657 690 1725 comparere
713 1637 849 1725 exeeptis
870 1636 970 1701 tituhs
994 1649 1048 1700 aut
1070 1635 1179 1726 elogiis
1202 1660 1327 1703 necnon

140 1760 248 1848 aliquo
277 1757 372 1847 longe
401 1757 550 1822 rarissimi
579 1756 670 1821 luxus
701 1755 851 1836 codice3»
879 1757 968 1822 cuius
999 1758 1045 1822 rei
1075 1756 1205 1823 studiosi
1227 1759 1327 1848 inspi-

139 1880 228 1946 ciant
254 1877 332 1945 silv.
365 1877 430 1943 tab.
465 1881 529 1956 39,
560 1877 816 1967 Evangeliarium
847 1876 999 1943 Ludorici
1030 1877 1328 1947 [Franco-Galliae

140 2001 242 2089 regis,
276 1998 355 2064 bibl.
386 1999 456 2064 Par.
483 1998 564 2088 Reg.
590 1996 703 2088 Suppl.
734 1998 805 2065 Lat.
837 1997 893 2065 N⁰.
924 2003 1012 2078 686,
1051 2011 1105 2064 661
1134 1997 1328 2068 Successoris

140 2123 226 2188 illius
247 2120 354 2188 Caroli
374 2119 463 2187 Calvi
487 2117 676 2186 Orationum
700 2120 835 2200 librum,
860 2120 937 2185 ibid.
964 2120 1020 2187 N⁰.
1046 2124 1153 2200 1152,
1178 2122 1244 2187 tab.
1271 2127 1326 2191 59.

142 2243 225 2310 Tum
260 2242 304 2308 sic
337 2242 461 2332 pergit,
497 2263 569 2330 pag.
607 2260 686 2307 xxv:
721 2242 835 2307 «inter
863 2240 986 2307 codices
1010 2263 1028 2304 a
1050 2262 1102 2307 me
1128 2242 1326 2325 observatos,

143 2363 315 2430 Vaticanus
338 2361 377 2427 de
397 2361 445 2428 Re
463 2360 595 2427 Publica
611 2361 806 2451 perfectione
823 2360 953 2450 quidem
972 2362 1149 2428 litterarum
1168 2365 1329 2430 nonnullis

142 2483 243 2558 66611,
264 2482 483 2574 magnitudine
502 2495 610 2548 tamen
629 2494 662 2548 et
684 2480 850 2572 splendore
868 2506 966 2573 prope
985 2485 1132 2575 princeps
1153 2499 1211 2553 est.
1244 2487 1329 2577 Ergo

142 2605 297 2672 omnibus
329 2603 551 2682 consideratis,
586 2626 781 2693 quamquam
815 2626 864 2669 res
899 2616 1098 2671 controversa
1132 2618 1197 2685 est,
1218 2607 1328 2697 ‘paulo

143 2727 266 2816 aegrius
293 2724 372 2790 mihi
403 2724 630 2814 persuaserim,
662 2736 728 2801 tarn
759 2722 959 2814 splendidum
981 2736 1111 2813 tamque
1133 2725 1328 2793 luxuriosum

143 2849 285 2916 codicem
315 2858 385 2936 post
414 2845 550 2911 Romani
581 2846 706 2936 imperii
736 2845 892 2912 excidium
921 2845 1062 2911 barbaris
1085 2847 1119 2911 in
1142 2846 1233 2911 Italia
1257 2871 1329 2938 reg·

142 2969 292 3036 nantibus
318 2967 413 3032 fuisse
437 2967 589 3056 scriptum
612 2977 644 3031 et
667 2989 732 3031 non
755 2967 860 3057 potius
883 2967 1029 3032 extremis
1051 2967 1162 3032 saltem
1187 2965 1329 3034 Caesari-

142 3091 201 3158 bus
232 3113 300 3156 rem
331 3087 508 3153 Romanam
537 3084 642 3152 adhuc
670 3087 862 3153 tenentibus.
911 3087 999 3152 Haec
1022 3089 1071 3156 aio
1096 3071 1276 3155 coniectans
1298 3103 1330 3157 et

142 3214 211 3303 ipse
250 3231 339 3275 meae
379 3206 542 3272 doctrinae
571 3205 716 3272 diffidens
729 3231 763 3286 ,6
797 3220 868 3274 tum
901 3209 934 3272 in
969 3208 1229 3298 palaeographiae
1263 3223 1330 3276 stu-

144 3335 247 3400 diosos
270 3329 472 3408 declamitas,
496 3328 584 3394 hunc
607 3341 638 3395 et
661 3330 753 3395 illum
776 3330 918 3396 codicem
931 3331 970 3395 ad
983 3343 1132 3420 quartana
1145 3331 1332 3418 quintumpe

145 3453 307 3522 saeculum
337 3451 496 3541 pertinere
525 3449 747 3540 perhibentes,
779 3475 854 3518 nam
885 3451 974 3517 nulla
1005 3452 1042 3516 iis
1068 3464 1114 3516 est
1138 3473 1211 3528 arx,
1236 3473 1330 3540 argu-

144 3587 253 3643 menta
276 3573 309 3638 in
334 3595 430 3661 qnam
443 3583 512 3637 tute
525 3570 759 3650 conscendant,
781 3570 857 3661 qnid
877 3572 980 3651 enim,
1002 3571 1125 3658 inquit,
1143 3570 1331 3660 plerumque

146 3696 268 3773 obstat,
290 3692 458 3783 quominus
477 3693 563 3758 tertii
582 3704 637 3758 aut
657 3691 788 3758 secundi
804 3693 921 3758 saeculi
937 3691 1017 3757 haec
1036 3690 1151 3781 scripta
1162 3689 1330 3758 dicamus?

194 3815 236 3883 At
271 3816 429 3880 fluctuant
460 3814 538 3893 ista,
570 3826 606 3878 ut
634 3825 720 3881 recte
750 3813 798 3879 illi
825 3813 941 3878 obiecit
972 3808 1136 3890 Osannus,
1170 3813 1222 3876 cui
1252 3813 1333 3880 nihil

148 3938 277 4004 omnino
312 3935 424 4002 dixisse
453 3934 594 4013 ridetur,
629 3958 670 4001 ne
702 3958 766 4000 nno
798 3933 926 4023 quidem
960 3933 1117 4023 probabili
1147 3949 1332 4023 argumento

150 4059 245 4124 allato
256 4107 265 4137 ,
290 4058 356 4145 imo*
377 4068 464 4146 patet
487 4078 524 4123 cx
544 4055 663 4121 ultimis
684 4056 804 4122 Maium
824 4056 997 4121 sententiae
1018 4077 1091 4120 suae
1104 4054 1241 4120 diffisum
1254 4080 1331 4124 esse.

151 4177 268 4246 contra
287 4178 375 4243 istius
398 4172 508 4243 iudicii
531 4175 681 4243 Silvestre
705 4198 779 4240 cum
803 4175 896 4241 111166
922 4173 1143 4266 Ghampollion
1164 4176 1244 4241 Filio
1262 4179 1333 4245 talis

150 4299 265 4366 exstitit
295 4298 505 4387 subscriptor,
540 4309 575 4362 ut
607 4297 727 4363 Maium
750 4319 791 4361 ne
814 4296 973 4361 dubitasse
996 4296 1125 4384 quidem
1149 4297 1332 4379 affirmarit,

151 4420 229 4510 quin
259 4419 313 4486 hic
344 4419 441 4485 codex
469 4419 603 4508 scriptus
630 4419 725 4483 fuerit
748 4417 886 4485 secundo
908 4417 1040 4483 tertiove
1063 4419 1188 4484 saeculo
1211 4432 1335 4493 nostrae

151 4563 255 4621 aerae;
296 4553 328 4608 et
366 4542 410 4606 sic
445 4540 479 4606 in
517 4531 611 4606 rerba
643 4539 692 4604 rel
722 4539 847 4629 probati
875 4538 1016 4627 magistri
1051 4561 1150 4628 quum
1183 4540 1333 4622 iurasset,

154 4661 303 4729 ridiculus
334 4685 421 4730 error
451 4674 543 4728 natus
568 4674 633 4742 est,
659 4673 693 4726 ut
717 4659 878 4726 historiam
902 4658 1196 4749 palaeographicam
1221 4661 1276 4725 ubi
1300 4684 1336 4727 ex

1123 4785 1139 4832 2
1152 4782 1164 4809 Ι
