2946 5182
120 356 182 419 198
590 376 700 424 ramos
724 375 829 422 rrnrs.

115 504 154 607 de
172 544 275 608 occiso
294 546 457 610 confessio.
509 550 525 632 Ι
553 550 571 611 7
595 547 735 613 adscivit.
787 546 856 634 (V.)
875 568 935 612 nec
951 546 1011 611 suit
1032 547 1061 610 ei
1073 545 1187 635 pudori
1198 546 1312 615 lilium

116 662 216 729 civem
239 663 402 731 hominem
425 666 632 734 dissimulare.

161 782 239 874 (lap.
266 790 285 852 6
320 788 337 870 Ι
368 791 383 851 l
422 789 571 854 vendidit.
644 788 708 879 (V.)
735 812 798 878 quo
821 790 960 854 facinore
984 789 1154 855 maximam
1178 790 1309 856 cladem

112 905 317 972 barbarorum
340 909 559 998 magnitudine
582 911 721 975 criminis
746 910 921 976 antecessit.
993 913 1053 997 §2
1091 933 1170 976 nave
1240 911 1308 977 Ex

114 1027 158 1092 V.
184 1028 265 1094 add.
289 1027 294 1117 Ι
315 1032 446 1096 curavit.
520 1031 588 1119 (V.)
616 1054 711 1120 quem
734 1044 859 1098 senatus
884 1030 990 1095 albam
1015 1031 1176 1120 relegarit.
1239 1037 1260 1120 ς
1286 1038 1309 1098 3

111 1146 224 1214 ducem
295 1149 360 1239 (V.)
393 1153 482 1217 cuius
513 1154 631 1241 optima
661 1175 755 1242 opera
782 1153 884 1241 primo
908 1151 993 1216 bello
1015 1153 1133 1242 punico
1158 1154 1207 1219 usi
1229 1153 1309 1220 fue·

110 1282 180 1334 rant
214 1284 245 1337 et
280 1293 342 1360 qno
378 1272 505 1338 iurante
541 1272 664 1338 atilium
698 1273 843 1362 regulum
879 1285 1039 1362 ceperant.
1110 1279 1128 1360 Ι
1165 1278 1184 1339 4
1222 1274 1307 1341 urbe

111 1367 189 1454 urbe
213 1389 304 1478 (V.):
331 1392 628 1481 inexpugnabilibus
654 1393 752 1458 muris
775 1393 927 1458 cinctam.
1133 1383 1135 1388 ¹

156 1508 232 1600 (lap.
259 1515 277 1575 7
295 1513 528 1601 praecedenti
548 1513 784 1591 adhaerebat,
816 1513 907 1577 aride
930 1517 968 1577 in
993 1535 1086 1600 seqq.
1114 1513 1307 1604 discrepat

109 1636 261 1721 capitum
294 1657 457 1698 numeras
488 1639 526 1698 in
558 1635 711 1699 editione
742 1644 776 1699 et
807 1635 945 1713 codice;
976 1637 1151 1698 recentior
1174 1658 1305 1700 manns

108 1752 212 1818 add:
236 1753 281 1819 Dc
306 1756 336 1820 ri
358 1768 389 1821 et
413 1756 578 1822 sedicione.
650 1759 708 1844 §l
740 1757 778 1822 L.
851 1756 888 1821 L.
914 1779 947 1844 q.
976 1753 983 1845 Ι
1008 1754 1082 1821 trib.
1152 1755 1190 1820 ti.
1217 1754 1305 1846 (pro
1401 1792 1405 1807 ·

109 1872 274 1954 Tiberius,
305 1885 343 1940 nt
368 1877 494 1956 v11,a
528 1883 546 1965 Ι
580 1882 621 1957 9,
655 1881 675 1942 6
705 1883 722 1964 §
748 1884 788 1956 1,
812 1877 879 1955 IX,
908 1881 946 1941 12
972 1882 990 1965 §
1014 1876 1045 1965 4)
1080 1873 1086 1965 Ι
1117 1874 1302 1943 decessisse.

108 1993 174 2082 (V.)
199 2018 303 2084 neque
327 2009 471 2085 oportere
495 1998 666 2063 clarissime
689 1996 807 2063 familie
832 1998 955 2086 ignotas
978 1996 1083 2062 sordes
1102 1997 1200 2063 inseri
1223 2020 1304 2064 cum

104 2115 269 2203 inprovida
305 2117 460 2181 concitate
495 2118 707 2183 multitudinis
741 2119 900 2183 temeritas
930 2141 987 2207 pro
1019 2117 1236 2208 imprudentia
1270 2133 1304 2186 et

107 2234 237 2301 audacia
269 2235 414 2303 adversus
446 2239 645 2303 consulatum
670 2251 700 2304 ct
725 2261 890 2304 censuram
913 2237 1048 2304 tetendit
1070 2239 1303 2330 principesque

106 2381 176 2423 suos
208 2360 295 2424 omni
325 2359 499 2448 petulantie
531 2383 646 2449 genere
677 2361 809 2426 vexarit.
881 2364 941 2448 §l
986 2359 1125 2449 Populus
1146 2383 1303 2429 romanus

110 2480 226 2547 Gloss.
252 2484 461 2546 recentioris
485 2505 608 2546 manns
624 2485 743 2571 primo
767 2483 824 2546 laio
848 2481 986 2547 obviae:
1011 2481 1094 2547 Gens
1119 2503 1254 2547 romana
1274 2484 1282 2572 Ι

104 2600 270 2667 Nunnium
326 2607 357 2665 1.
377 2601 559 2666 nuntiatum
579 2599 585 2690 Ι
605 2601 744 2668 daretur.
805 2602 888 2667 Rea.
915 2626 1006 2668 man.
1022 2625 1032 2665 .·
1055 2601 1299 2673 concederetur.

104 2727 121 2810 §
152 2728 172 2788 3
208 2722 248 2787 ab
274 2722 348 2812 ipsis
380 2722 439 2786 aris
462 2722 571 2810 fugere
595 2734 740 2788 coactum
810 2724 870 2788 Ea
904 2722 949 2787 V.
974 2722 1080 2802 add,
1109 2728 1138 2788 1.
1161 2723 1241 2813 fuga
1273 2725 1281 2813 Ι

103 2840 268 2906 tabernula
348 2823 517 2906 tabernuld
556 2839 561 2929 Ι
604 2843 737 2930 petierat
821 2844 850 2907 l.
890 2853 1020 2931 perierat
1063 2838 1069 2928 Ι
1112 2841 1297 2911 latitantem

103 2961 164 3028 Ida
185 2961 230 3026 V.
255 2962 338 3026 add.
409 2967 469 3049 §5
506 2961 663 3027 ambitiosi
735 2970 764 3029 l.
791 2961 962 3027 ambitiosis
992 2959 999 3049 Ι
1033 2959 1191 3028 illecebris
1265 2969 1295 3031 1.

100 3081 246 3170 precibus
277 3080 283 3170 Ι
313 3094 541 3148 mactaverunt.
616 3089 646 3148 1.
683 3094 907 3149 mactaverant.
979 3086 1041 3169 §6
1088 3096 1146 3149 est.
1220 3085 1293 3174 (V)
1355 3104 1360 3115 ·

101 3213 289 3290 tantumque
315 3201 416 3267 soclus
443 3204 530 3268 curia
550 3205 657 3268 castris
677 3227 709 3268 se
729 3203 839 3269 cedere
860 3202 999 3268 confessa
1011 3203 1152 3269 inultum
1163 3204 1289 3272 habuit.

147 3323 221 3412 Cap.
248 3327 268 3388 8
292 3327 310 3409 §
335 3326 353 3386 ἓ
379 3323 482 3387 servili
553 3329 582 3388 1.
608 3325 726 3389 servilis

149 3441 226 3533 Gap.
262 3449 281 3510 9
314 3451 330 3534 §
365 3446 381 3508 1
417 3442 563 3510 Cornelio
596 3444 698 3511 Cinna
770 3444 838 3533 (V.)
863 3448 896 3511 in
921 3470 1016 3535 quem
1040 3469 1072 3511 se
1096 3447 1194 3514 sevire
1218 3449 1287 3514 csti-

1 3614 3 3618 -
100 3564 216 3632 mabat.
287 3570 347 3655 §2
384 3567 493 3632 Tincio
565 3569 594 3632 1.
620 3563 743 3654 ῖίηθοἸ
776 3568 845 3654 quis
916 3570 945 3631 1.
971 3569 1026 3655 qui
1095 3572 1156 3654 §3
1186 3569 1286 3637 occidi

102 3691 133 3750 2.
172 3687 279 3752 occide

147 3805 223 3896 Cap.
250 3809 291 3872 10
316 3811 333 3893 §
362 3815 376 3872 1
401 3808 554 3873 Veliterni
625 3810 655 3872 1.
682 3808 832 3873 veleterni
863 3806 869 3897 Ι
901 3809 965 3873 sola
988 3847 1033 3858 -
1055 3811 1281 3899 magistratum.

101 3935 131 3994 1.
161 3928 257 4017 pollia
288 3927 388 3993 tribus
418 3928 562 3994 fecerunt
592 3929 828 4018 magistratum,
862 3932 894 3994 Ξ.
925 3930 1059 4018 polliae:
1092 3933 1216 4018 quibus
1240 3934 1282 3997 li·

99 4051 199 4114 neola
234 4049 401 4113 subducta
436 4071 478 4113 ex
516 4049 562 4114 V.
599 4049 705 4114 add:
739 4049 803 4114 sola
834 4050 951 4139 popilio
982 4051 1082 4116 tribus
1114 4051 1281 4131 iudicarit,

99 4184 241 4260 oportere
273 4194 324 4236 eos
355 4169 481 4259 publice
513 4170 690 4236 verberatos
714 4171 815 4235 securi
839 4172 972 4259 percuti.
1020 4170 1176 4238 Inbellem
1199 4173 1281 4240 rnul-

96 4290 265 4357 titudinem
296 4291 354 4354 sub
386 4315 500 4357 corona
533 4294 649 4359 venire.
702 4294 804 4378 Quam
827 4292 867 4358 ob
891 4315 1017 4357 causam
1041 4294 1159 4382 popilia
1183 4295 1281 4361 tribus

96 4414 128 4478 in
160 4436 224 4501 qua
253 4412 427 4501 plurimum
458 4427 564 4501 postea
592 4414 749 4480 tusculani
779 4416 812 4478 in
836 4414 948 4478 urbem
971 4415 1091 4503 recepti
1109 4427 1281 4504 potueruut

95 4536 255 4601 neminem
285 4557 436 4622 umquam
468 4534 564 4624 pollie
595 4535 695 4600 tribus
726 4535 801 4600 fecit
824 4534 1042 4622 magistratum
1066 4557 1106 4600 ne
1131 4535 1171 4600 ad
1194 4537 1281 4602 illam

95 4655 177 4722 ullus
207 4657 308 4723 honor
339 4656 492 4746 suffragiis
524 4658 700 4746 perveniret
734 4679 815 4745 quae
838 4655 899 4721 illis
922 4656 1018 4722 vitam
1043 4679 1079 4722 ac
1102 4656 1278 4759 libertatem
