2946 5182
583 378 686 425 erras
711 379 851 427 coniers.
1271 365 1310 428 st

128 563 249 616 ceteros
272 548 368 614 libros
391 544 509 615 saeculi
533 548 636 635 quinti
659 550 794 629 sortire,
819 572 901 639 quae
924 548 994 619 ride
1018 552 1044 616 ai
1066 551 1146 616 tanti
1164 564 1211 617 ert
1230 551 1315 642 apud

130 669 314 738 Silvestrem
323 667 348 758 ¹)
360 717 369 749 ,
394 669 451 757 qui
475 690 572 757 quam
597 668 638 733 ob
662 690 789 734 eausam
812 692 877 735 non
900 691 963 759 qua
985 683 1133 760 parerat
1152 671 1315 762 diligentia

128 792 217 857 hunc
251 790 417 881 politicum
453 789 706 880 manuscriptum
741 791 966 858 examinaverit
1003 792 1075 856 satis
1109 791 1218 857 mirari
1250 816 1315 860 non

127 914 268 1001 possum.
319 910 411 997 Quod
445 921 552 977 autem
586 909 626 975 ad
660 918 796 979 aetatem
830 889 1043 978 deliniendam
1072 913 1164 992 facit,
1200 914 1316 980 menda

129 1031 251 1097 librarii
285 1054 486 1120 erroresque,
522 1032 587 1098 iam
621 1032 692 1098 ride
723 1045 880 1122 quotquot
909 1033 1041 1099 istorum
1063 1034 1258 1114 invenerim,
1282 1037 1317 1102 in

132 1151 310 1220 Collatione
328 1175 420 1233 mea,
448 1152 529 1242 q'uae
552 1154 635 1220 inira
657 1155 802 1244 sequitur
823 1166 895 1244 post
912 1177 1029 1244 pancos
1048 1154 1216 1234 eoslocos,
1239 1178 1318 1245 quos

131 1296 242 1340 sanare
273 1273 400 1355 lubuit,
429 1288 465 1341 ut
495 1277 528 1341 in
558 1275 749 1365 quibusdam
776 1275 887 1342 saltem
920 1290 1069 1367 appareat
1091 1277 1176 1344 haud
1199 1300 1316 1345 renum

126 1418 237 1462 meum
260 1397 356 1464 fuisse
377 1397 530 1465 laborem.

512 1917 514 1921 s
549 1847 909 1917 oasnttatlottns
981 1903 983 1907 .

262 2124 264 2130 .
381 2078 426 2124 tn
451 2077 664 2126 scmaruaant
687 2077 895 2138 cuononem
917 2076 1075 2126 toconutt

416 2290 642 2369 CICERONIS
666 2294 724 2368 DII
748 2292 806 2368 RE
829 2288 1032 2369 PUBLICA.

634 2598 766 2665 LIBER
788 2597 815 2664 Ι.

180 2837 259 2931 Gap.
286 2842 313 2908 I.
341 2843 360 2927 §
388 2844 439 2917 1.,
468 2840 744 2907 liberavissent.
793 2839 932 2907 Litterae
963 2848 1003 2904 nt
1024 2840 1059 2904 in
1081 2862 1320 2930 monogramma

133 2962 339 3042 coaluerant,
374 2963 430 3029 sed
458 2962 539 3052 fugit
570 2975 780 3029 correctorem
812 2961 881 3029 lere
903 2960 998 3027 huius
1021 2961 1067 3027 rei
1088 2961 1263 3042 indicium,
1288 2977 1321 3032 et

132 3085 178 3150 sic
213 3085 388 3176 simplicem
424 3103 445 3150 n
479 3083 587 3174 legens
618 3082 738 3150 addidit
766 3092 792 3149 t.
841 3081 945 3149 Simili
975 3081 1070 3148 modo
1101 3086 1120 3169 §
1151 3087 1194 3150 68
1225 3084 1320 3151 huius

133 3205 208 3272 libri
248 3206 350 3286 verbis
394 3213 498 3280 sunt,
546 3208 704 3270 existunt
735 3204 840 3270 littera
871 3212 887 3267 t
920 3205 1131 3295 suprascripta
1165 3219 1228 3286 est,
1264 3206 1321 3272 ubi

134 3326 262 3392 nullum
297 3338 427 3418 apparet
462 3325 616 3391 indicium
649 3324 947 3416 monogrammatis,
984 3348 1081 3413 quam
1115 3325 1157 3391 ob
1191 3350 1258 3392 rem
1282 3350 1320 3392 ex

132 3428 293 3538 probabili
322 3448 504 3514 coniectura
525 3448 662 3537 primam
684 3469 815 3512 manum
838 3445 950 3512 eodem
971 3445 1044 3511 vitio
1067 3445 1129 3510 illis
1151 3446 1227 3512 locis
1249 3446 1320 3536 lap·

135 3593 202 3636 sam
233 3593 299 3637 esse
330 3571 516 3648 statuo,-in
548 3568 633 3658 quod
664 3579 822 3634 corrector
851 3566 913 3633 hoe
935 3566 1006 3632 loeo
1027 3565 1125 3633 dedit.
1173 3565 1320 3632 Notanda

135 3704 209 3759 sunt
236 3692 295 3757 ista
324 3692 448 3756 minora
477 3690 531 3769 iis,
568 3691 624 3779 qui
659 3689 699 3757 de
721 3690 875 3779 scriptura
898 3686 1034 3766 codicis,
1058 3710 1095 3754 ex
1119 3709 1182 3776 quo
1204 3687 1320 3777 palim-

134 3825 257 3903 psestus
276 3812 451 3904 descriptus
474 3824 541 3892 est,
561 3811 723 3902 disputare
744 3810 857 3891 relint3
879 3810 919 3878 ef.
939 3832 1012 3876 mox
1031 3808 1071 3874 ad
1091 3811 1165 3894 §3,
1188 3812 1243 3890 11,
1264 3813 1320 3878 ot.

182 4057 201 4141 §
233 4061 264 4122 3.
315 4053 565 4142 (laceraretur.
612 4053 710 4118 Miror
743 4051 864 4119 Maiam
897 4064 969 4141 post
1002 4051 1168 4142 repetitam
1204 4051 1320 4118 codicis

134 4177 304 4245 lectionem
326 4176 483 4265 scripsisse
502 4172 611 4240 «cod.
632 4181 811 4262 queretur,
820 4197 841 4237 >s
864 4194 938 4238 nam
955 4171 1028 4238 luce
1046 4172 1160 4238 clarius
1180 4174 1321 4239 cernitur

137 4297 316 4388 imperfecti
348 4295 541 4362 coniunctiri
565 4293 745 4360 terminatio
776 4295 810 4359 in
845 4294 912 4384 ipso
941 4292 1054 4359 limine
1073 4293 1142 4359 folii
1164 4295 1263 4375 versi,
1288 4308 1320 4362 et

132 4419 236 4512 prima
259 4417 382 4508 syllaba
403 4418 437 4482 in
459 4417 524 4484 imo
546 4415 623 4482 folio
645 4427 744 4484 recto.

130 4593 276 4610 Μ

169 4683 195 4744 ι)
221 4689 296 4742 Adde
312 4687 434 4740 Noureou
451 4687 525 4739 treite
540 4687 572 4738 de
587 4685 776 4752 DiplomatIque
792 4687 827 4738 11.
845 4703 870 4752 p.
888 4690 936 4737 390
955 4698 1007 4749 sqq.
