2946 5182
121 353 183 415 114
494 367 613 414 cronno
639 367 681 413 nr
707 366 748 411 nn
774 367 928 414 runrrcr.

605 545 618 575 'i'

232 604 283 669 et,
309 591 365 656 tibi
595 611 682 657 etlssl

650 723 670 757 Ι»

231 766 326 831 efficit
593 786 724 831 errecrr

607 953 720 1045 Caput
746 956 845 1026 XLII.

119 1149 204 1231 §69.
235 1147 240 1223 Ι
269 1147 331 1211 diei
595 1171 627 1234 p.
655 1149 709 1211 25.

232 1318 354 1396 Video,
383 1319 472 1383 rideo
596 1320 788 1392 uroeout'oeo

235 1437 453 1527 exspectabam
596 1458 808 1506 expectanto

232 1582 397 1648 nunquam
598 1578 755 1648 nunquia

206 1732 369 1824 'discedat
595 1709 793 1805 dtscettdtitt
886 1732 917 1796 d.
943 1753 1040 1822 pr.tt

232 1855 416 1944 autltibiis
546 1919 547 1922 ,
593 1879 624 1944 p.
650 1858 705 1921 26.

230 1979 433 2042 immutatum
594 1995 804 2040 innutanter
895 1999 930 2040 er
955 1975 1077 2041 efacta
1102 1999 1123 2041 u

232 2098 349 2162 infimis
373 2109 404 2162 et
428 2095 538 2161 mediis
597 2092 861 2179 lttrre¹⁶l..oed11s
1009 2119 1115 2162 erasae
1150 2070 1241 2164 sunt
1265 2119 1337 2179 18„

639 2217 770 2306 opinor,
815 2217 898 2283 male
934 2241 951 2281 a
989 2223 1003 2282 1
1042 2218 1214 2298 dissectae,
1253 2245 1324 2287 non

644 2361 721 2428 opus
745 2352 791 2405 est
816 2352 850 2403 ut
875 2359 912 2405 er
937 2339 1063 2404 inseras.

234 2472 569 2549 consensu-potest.
597 2459 685 2549 corti
799 2458 910 2525 Cetera
935 2459 1048 2525 desunt
1071 2463 1104 2526 in
1130 2462 1254 2530 codiee.

590 2647 706 2739 eaput
730 2649 844 2715 xnrv.

124 2849 207 2930 §tt
236 2852 242 2934 1
268 2841 395 2930 plenam
599 2862 631 2926 p.
658 2842 690 2902 9.

124 3016 127 3020 ’
236 3019 395 3084 Assentior
598 2965 772 3084 riserint
885 3050 887 3054 -

236 3163 269 3204 re
292 3137 420 3227 publiea
598 3152 664 3198 ιω).

235 3259 314 3324 illud
600 3253 729 3318 Addidit
754 3259 786 3319 2.

662 3381 685 3412 ΒΘ

236 3457 343 3525 posse,
368 3432 421 3497 sed
600 3446 714 3493 Posset

238 3557 304 3620 sine
317 3555 336 3618 i.
350 3577 381 3618 n.
395 3577 429 3642 p.
443 3575 467 3616 s.
482 3551 516 3615 h.
531 3574 560 3616 r.
599 3548 800 3637 Repetuntur
823 3552 875 3616 sed
900 3565 1018 3641 puncta
1031 3553 1234 3641 superaddita
1248 3574 1328 3626 sunt

287 3699 352 3743 esse
651 3669 780 3762 singulis
805 3671 927 3739 litteris.

240 3797 324 3875 Sed,
353 3797 378 3860 si
401 3794 549 3884 plaeet,}
601 3815 814 3863 serstt’tacet·
836 3793 841 3883 Ι
866 3818 874 3873 ;
906 3818 937 3883 p.
967 3796 1019 3858 10.

240 3971 324 4036 diem
599 3938 818 4058 orsitrurrotr
900 3969 931 4034 d.
960 3989 974 4034 s

174 4091 392 4181 Subscriptio,
425 4091 508 4156 male
531 4092 564 4155 in
590 4090 770 4181 Speeimine
794 4091 968 4179 scripturae
991 4088 1115 4178 depicta
1139 4115 1200 4160 nee
1226 4119 1329 4165 aceu-

130 4231 197 4283 rate
221 4239 238 4280 a
263 4214 346 4280 Maio
371 4211 477 4291 edita,
502 4213 582 4280 haee
608 4227 673 4280 est:

576 4354 612 4400 n.
640 4354 740 4400 tutat
765 4354 875 4400 clctta.

566 4475 608 4519 nn
628 4475 701 4522 ntor.
726 4475 825 4521 tlara
850 4474 886 4522 11.

563 4597 637 4643 sxr.
664 4597 730 4643 nte.
759 4597 824 4642 rra.
851 4596 900 4642 111.
