2946 5182
580 365 678 412 saris
703 364 843 413 conrcrs.
1262 352 1303 413 25

119 557 190 602 cem
235 535 359 602 saeculo
402 549 487 602 serto
527 534 581 602 sed
616 533 672 601 diu
705 547 778 601 antc
811 546 985 601 exaratum.
1044 533 1205 624 Quidquid
1238 547 1304 614 est,

119 655 196 722 huic
236 656 402 746 aequalem
447 657 607 746 posuerim
649 655 819 745 Virgilium
863 655 1053 722 Vaticanum
1096 655 1153 722 N0.
1204 659 1304 736 3867,

120 799 139 840 a
162 799 227 867 quo
250 777 300 841 vir
322 775 437 843 distare
459 776 584 842 videtur
607 776 727 843 Gellius
750 776 968 866 palimpsestus
991 775 1152 842 Palatinus
1176 777 1306 842 crassius

120 897 348 988 aliquantisper
377 897 566 987 descriptum
591 896 729 986 denique
752 909 854 964 totum
877 897 957 963 illud
979 897 1228 963 maiuscularum
1251 920 1308 988 ge·

120 1041 180 1085 nus
203 1019 328 1085 sacculo
351 1031 436 1085 serto
460 1019 620 1108 antiquius
642 1019 723 1099 fuit,
748 1031 784 1085 ut
806 1031 891 1086 recte
912 1018 1008 1084 huius
1024 1019 1070 1085 rei
1081 1020 1176 1109 periti
1187 1018 1307 1088 iudices

120 1141 339 1231 pronuntiant.

169 1259 318 1327 Attamen
341 1260 495 1350 paulatim
518 1261 711 1350 irrepserunt
733 1259 932 1327 minusculae
955 1258 1150 1340 nonnullae,
1173 1283 1309 1350 quarum

122 1382 224 1448 forma
254 1394 349 1471 atque
377 1405 528 1448 numerus
555 1381 645 1448 nobis
668 1381 811 1448 indicant
834 1394 968 1448 aetatem
991 1381 1125 1461 librarii3
1151 1379 1191 1448 de
1215 1383 1309 1449 semi·

121 1503 301 1569 uncialibus
323 1526 411 1568 nunc
433 1503 604 1569 dicendum
624 1515 682 1570 est.
732 1504 837 1570 Primo
856 1526 973 1593 nempe
991 1503 1156 1594 pristinam
1175 1503 1310 1570 formam

122 1625 303 1691 retinebant
336 1643 377 1704 n,
411 1643 450 1703 c,
482 1644 523 1704 r,
557 1643 597 1704 r,
622 1643 662 1703 o,
688 1643 728 1705 v,
753 1643 793 1705 a,
819 1645 855 1704 s,
880 1645 921 1703 r,
947 1644 987 1705 v,
1011 1626 1071 1690 nisi
1095 1623 1181 1714 quod
1203 1644 1243 1704 v,
1269 1644 1309 1704 n,

123 1757 158 1812 et
179 1746 280 1811 forma
303 1746 421 1811 novitia
443 1745 580 1832 litterae:
605 1770 625 1836 q
642 1746 765 1812 inferne
784 1746 1059 1837 protraherentur,
1083 1765 1226 1813 verumt
1247 1747 1312 1811 iam

123 1865 287 1933 desinebat
318 1868 374 1933 sic:
408 1889 429 1936 a
460 1867 556 1933 scribi
585 1866 705 1956 absque
727 1866 844 1932 lineola
865 1878 1062 1946 transversa,
1087 1867 1204 1958 quippe
1228 1889 1311 1956 quae

124 1988 221 2054 simul
250 2011 324 2055 cum
354 1988 459 2078 priore
489 1987 605 2054 lineola
627 1989 754 2055 tenuior
775 2011 848 2053 mox
871 1989 1067 2054 coniunctim
1091 1988 1125 2053 in
1149 1999 1311 2054 curvatam

123 2109 260 2175 formam
282 2121 463 2189 contracta,
487 2109 611 2176 litterae
633 2131 653 2197 q
678 2121 859 2175 constanter
881 2108 983 2174 cauda
1006 2107 1197 2174 adhaerebat
1215 2108 1311 2198 longa

124 2230 249 2297 etiamsi
282 2231 427 2309 tenuior,
464 2249 488 2296 n
521 2231 555 2295 in
588 2228 672 2295 hanc
702 2229 854 2295 formam:
890 2228 1123 2309 htransierat,
1149 2243 1312 2296 coeteras

124 2372 274 2417 mensura
305 2351 492 2441 superabat,
526 2350 604 2430 oin
623 2349 806 2439 vulgarem:
834 2373 855 2438 q
878 2349 974 2430 abiit,
999 2369 1020 2416 v
1044 2373 1167 2439 semper
1189 2373 1264 2440 per:
1290 2375 1313 2417 u

127 2471 378 2562 significabatur;
417 2471 512 2537 simul
546 2493 619 2536 omn
654 2470 703 2537 his
736 2472 838 2537 maius
866 2470 1035 2537 discrimen
1066 2471 1250 2538 observatur
1278 2473 1313 2540 in

128 2611 171 2674 n,
204 2615 286 2682 quae
316 2592 380 2658 sic:
414 2597 433 2668 ὸ
465 2603 645 2657 constanter
673 2603 837 2670 exaratur,
870 2591 947 2657 dum
970 2611 991 2658 n
1014 2591 1124 2658 itidem
1148 2615 1206 2682 pro
1228 2593 1314 2661 linea

127 2724 215 2779 recta
244 2736 302 2803 per
331 2726 493 2780 curvatam
524 2712 672 2779 scribitur
702 2725 738 2779 ut
769 2735 807 2791 c,
837 2713 872 2777 in
902 2734 965 2801 qua
987 2710 1105 2777 lineola
1129 2713 1313 2779 tenuissima

128 2833 183 2900 scd
213 2833 337 2923 longior
366 2856 462 2924 quam
490 2847 584 2900 antea
606 2845 781 2900 transversa
804 2845 934 2924 apparet
956 2834 990 2898 in
1014 2832 1101 2898 hunc
1120 2832 1251 2899 modum
1272 2856 1310 2915 ες

128 2967 177 3024 est
201 2954 311 3022 cadem
332 2955 433 3020 forma
453 2977 549 3044 quam
568 2955 708 3021 invenies
726 2955 760 3020 in
779 2955 874 3020 unico
895 2954 1054 3020 volumine
1072 2953 1205 3033 Latino,
1228 2954 1314 3044 quod

129 3101 167 3144 ex
189 3075 477 3142 Herculanensibus
499 3074 665 3141 ruderibus
685 3087 842 3141 servatum
861 3088 908 3141 est
928 3087 1023 3163 atque
1043 3074 1184 3154 editum,
1204 3098 1314 3142 verum

128 3199 164 3263 in
186 3197 235 3263 his
256 3197 440 3288 fragmentis
463 3196 579 3263 lineola
604 3197 745 3262 seiuncta
772 3195 961 3263 adscribitur
979 3209 1011 3263 et
1030 3196 1155 3263 brevior
1175 3197 1210 3262 iu
1227 3195 1315 3265 hunc

130 3317 260 3385 modum
286 3320 327 3408 (·.
359 3318 504 3407 Denique
524 3318 647 3384 accedit
666 3330 787 3384 certum
805 3317 973 3384 discrimen
992 3317 1025 3382 in
1044 3318 1150 3384 littera
1170 3337 1214 3397 rr,
1233 3341 1315 3408 quae

131 3441 175 3506 sic
216 3441 383 3519 scribitur,
422 3452 458 3506 ut
487 3452 623 3530 utraque
653 3439 770 3506 lineola
796 3440 931 3507 exterior
961 3439 1148 3505 intrinsecus
1188 3451 1316 3505 curvata

131 3576 236 3630 rectae
258 3561 392 3629 lineolae
404 3561 527 3627 mediae
547 3559 716 3627 adhaereat
734 3560 800 3627 lere
819 3561 853 3625 in
869 3559 956 3626 hunc
976 3558 1126 3625 modum:
1150 3581 1183 3625 c.
1234 3558 1317 3626 Sunt

131 3685 211 3751 haec
242 3684 347 3749 omnia
380 3696 466 3749 certa
496 3694 529 3749 et
560 3683 754 3748 coniunctim
786 3693 971 3762 occurrunt;
1005 3681 1069 3744 iam
1100 3681 1170 3768 quis
1199 3704 1316 3771 quaeso

131 3805 261 3896 negabit
292 3829 309 3869 a
342 3804 545 3894 praecedenti
572 3803 729 3870 diversum
764 3804 937 3893 scripturae
968 3824 1067 3892 genus
1091 3801 1233 3891 dignosci
1252 3825 1317 3869 non

115 3930 238 4018 posse,
276 3924 360 4015 quod
395 3949 432 3991 er
466 3924 621 3991 velociore
655 3923 812 3991 scribendi
836 3947 906 4006 „usu
941 3935 1053 3989 natum
1087 3923 1193 3990 fuerit.
1249 3924 1318 3992 Nec

131 4048 250 4114 latebat
279 4046 423 4113 librarios
450 4045 507 4112 has
537 4045 677 4125 litteras,
710 4068 787 4136 quas
820 4068 894 4111 cum
927 4043 1075 4113 Silvestre
1100 4045 1318 4112 semiunciales

132 4169 224 4249 dico,
255 4168 359 4258 priore
387 4166 488 4231 forma
520 4189 586 4232 esse
607 4165 793 4245 deteriores,
818 4167 950 4232 rusticas
974 4178 1084 4232 contra
1106 4166 1206 4256 magis
1229 4189 1317 4232 com-

132 4292 233 4382 posite
261 4301 418 4357 cuaratas:
447 4287 504 4353 has
534 4311 608 4378 ergo
638 4286 831 4353 adhibebant
862 4287 901 4352 ad
931 4287 1061 4354 titulum
1092 4287 1142 4354 vel
1165 4287 1317 4358 lemmata

134 4412 360 4479 conscribenda
393 4410 520 4477 honoris
550 4409 763 4498 elegantiaave
787 4432 901 4489 causa,
927 4422 962 4476 ut
986 4421 1112 4476 atertu
1139 4407 1317 4478 differrent.

134 4533 281 4631 Silvestre
310 4534 403 4625 plura
433 4532 528 4598 huius
559 4531 605 4597 rei
637 4531 779 4621 exempla
809 4530 937 4610 laudat,
973 4531 1026 4596 cui
1049 4530 1088 4595 ad
1112 4552 1210 4620 genus
1233 4529 1315 4611 hoe,

134 4655 173 4723 de
204 4677 266 4746 quo
298 4658 437 4747 agimus,
469 4651 726 4742 distinguendum
750 4654 896 4734 inservit,
927 4665 958 4720 et
982 4651 1031 4718 vel
1056 4653 1099 4719 sic
1122 4666 1227 4718 tamen
1252 4675 1316 4719 non
