<?xml version="1.0" encoding="UTF-8"?>
<!DOCTYPE html PUBLIC "-//W3C//DTD XHTML 1.0 Transitional//EN"
    "http://www.w3.org/TR/xhtml1/DTD/xhtml1-transitional.dtd">
<html xmlns="http://www.w3.org/1999/xhtml" xml:lang="en" lang="en">
 <head>
  <title>
</title>
<meta http-equiv="Content-Type" content="text/html;charset=utf-8" />
  <meta name='ocr-system' content='tesseract 3.04.00' />
  <meta name='ocr-capabilities' content='ocr_page ocr_carea ocr_par ocr_line ocrx_word'/>
</head>
<body>
  <div class='ocr_page' id='page_1' title='image "./schedaevaticana01rieugoog_0237.png"; bbox 0 0 2946 5182; ppageno 0'>
   <div class='ocr_carea' id='block_1_1' title="bbox 145 338 1072 404">
    <p class='ocr_par' dir='ltr' id='par_1_1' title="bbox 145 338 1072 404">
     <span class='ocr_line' id='line_1_1' title="bbox 145 338 1072 404; baseline 0.002 -4"><span class='ocrx_word' id='word_1_1' title='bbox 145 338 209 400; x_wconf 79' lang='grc'>218</span> <span class='ocrx_word' id='word_1_2' title='bbox 404 353 546 400; x_wconf 78' lang='lat' dir='ltr'>arraona</span> <span class='ocrx_word' id='word_1_3' title='bbox 572 352 749 402; x_wconf 77' lang='lat' dir='ltr'>tnrrsruu</span> <span class='ocrx_word' id='word_1_4' title='bbox 774 355 868 404; x_wconf 77' lang='lat' dir='ltr'>iaris</span> <span class='ocrx_word' id='word_1_5' title='bbox 894 353 1072 404; x_wconf 80' lang='lat' dir='ltr'>nnrnrcsr.</span> 
     </span>
    </p>
   </div>
   <div class='ocr_carea' id='block_1_2' title="bbox 141 523 1344 2189">
    <p class='ocr_par' dir='ltr' id='par_1_2' title="bbox 236 523 1249 616">
     <span class='ocr_line' id='line_1_2' title="bbox 236 523 1249 616; baseline 0.003 -28"><span class='ocrx_word' id='word_1_6' title='bbox 236 523 375 592; x_wconf 83' lang='lat' dir='ltr'>«solida</span> <span class='ocrx_word' id='word_1_7' title='bbox 398 524 481 589; x_wconf 91' lang='lat' dir='ltr'>bona</span> <span class='ocrx_word' id='word_1_8' title='bbox 502 525 603 591; x_wconf 90' lang='lat' dir='ltr'>bonus</span> <span class='ocrx_word' id='word_1_9' title='bbox 628 539 731 605; x_wconf 87' lang='lat' dir='ltr'>amat,</span> <span class='ocrx_word' id='word_1_10' title='bbox 756 539 788 592; x_wconf 91' lang='lat' dir='ltr'>ct</span> <span class='ocrx_word' id='word_1_11' title='bbox 810 551 848 592; x_wconf 86' lang='lat' dir='ltr'>aa</span> <span class='ocrx_word' id='word_1_12' title='bbox 871 551 960 616; x_wconf 84' lang='lat' dir='ltr'>quae</span> <span class='ocrx_word' id='word_1_13' title='bbox 984 541 1087 607; x_wconf 89' lang='lat' dir='ltr'>amat,</span> <span class='ocrx_word' id='word_1_14' title='bbox 1112 526 1249 594; x_wconf 91' lang='lat' dir='ltr'>habet.»</span> 
     </span>
    </p>

    <p class='ocr_par' dir='ltr' id='par_1_3' title="bbox 146 647 1341 860">
     <span class='ocr_line' id='line_1_3' title="bbox 191 647 1341 742; baseline 0.001 -27"><span class='ocrx_word' id='word_1_15' title='bbox 191 647 254 715; x_wconf 87' lang='lat' dir='ltr'>Sed</span> <span class='ocrx_word' id='word_1_16' title='bbox 283 670 347 712; x_wconf 91' lang='lat' dir='ltr'>non</span> <span class='ocrx_word' id='word_1_17' title='bbox 370 647 414 713; x_wconf 90' lang='lat' dir='ltr'>ita</span> <span class='ocrx_word' id='word_1_18' title='bbox 437 661 499 726; x_wconf 88' lang='lat' dir='ltr'>est,</span> <span class='ocrx_word' id='word_1_19' title='bbox 527 647 628 714; x_wconf 86' lang='lat' dir='ltr'>Maius</span> <span class='ocrx_word' id='word_1_20' title='bbox 655 648 791 716; x_wconf 87' lang='lat' dir='ltr'>scribere</span> <span class='ocrx_word' id='word_1_21' title='bbox 822 648 974 715; x_wconf 76' lang='lat' dir='ltr'>debuerat</span> <span class='ocrx_word' id='word_1_22' title='bbox 1005 653 1086 738; x_wconf 82' lang='lat' dir='ltr'>qui,</span> <span class='ocrx_word' id='word_1_23' title='bbox 1120 662 1155 714; x_wconf 88' lang='lat' dir='ltr'>ut</span> <span class='ocrx_word' id='word_1_24' title='bbox 1179 662 1226 716; x_wconf 89' lang='lat' dir='ltr'>est</span> <span class='ocrx_word' id='word_1_25' title='bbox 1252 651 1341 742; x_wconf 89' lang='lat' dir='ltr'>apud</span> 
     </span>
     <span class='ocr_line' id='line_1_4' title="bbox 146 769 549 860; baseline -0.002 -25"><span class='ocrx_word' id='word_1_26' title='bbox 146 769 228 860; x_wconf 87' lang='lat' dir='ltr'>Aug.</span> <span class='ocrx_word' id='word_1_27' title='bbox 256 769 320 847; x_wconf 83' lang='lat' dir='ltr'>IV,</span> <span class='ocrx_word' id='word_1_28' title='bbox 348 774 387 849; x_wconf 84' lang='lat'>4,</span> <span class='ocrx_word' id='word_1_29' title='bbox 411 793 444 858; x_wconf 89' lang='lat' dir='ltr'>p.</span> <span class='ocrx_word' id='word_1_30' title='bbox 473 771 549 834; x_wconf 90' lang='lat'>117.</span> 
     </span>
    </p>

    <p class='ocr_par' dir='ltr' id='par_1_4' title="bbox 143 889 1344 1465">
     <span class='ocr_line' id='line_1_5' title="bbox 192 889 1342 982; baseline 0.002 -26"><span class='ocrx_word' id='word_1_31' title='bbox 192 889 417 957; x_wconf 79' lang='lat' dir='ltr'>Revocandum</span> <span class='ocrx_word' id='word_1_32' title='bbox 448 903 494 956; x_wconf 91' lang='lat' dir='ltr'>est</span> <span class='ocrx_word' id='word_1_33' title='bbox 526 889 716 955; x_wconf 79' lang='lat' dir='ltr'>vocabulum</span> <span class='ocrx_word' id='word_1_34' title='bbox 744 892 849 956; x_wconf 90' lang='lat' dir='ltr'>nescio</span> <span class='ocrx_word' id='word_1_35' title='bbox 882 892 971 957; x_wconf 91' lang='lat' dir='ltr'>cuius</span> <span class='ocrx_word' id='word_1_36' title='bbox 1003 891 1089 956; x_wconf 89' lang='lat' dir='ltr'>iussu</span> <span class='ocrx_word' id='word_1_37' title='bbox 1112 891 1228 982; x_wconf 83' lang='lat' dir='ltr'>fugax,</span> <span class='ocrx_word' id='word_1_38' title='bbox 1257 890 1342 982; x_wconf 80' lang='lat' dir='ltr'>Gap.</span> 
     </span>
     <span class='ocr_line' id='line_1_6' title="bbox 145 1009 1342 1103; baseline 0.001 -25"><span class='ocrx_word' id='word_1_39' title='bbox 145 1012 221 1078; x_wconf 78' lang='lat' dir='ltr'>XVI</span> <span class='ocrx_word' id='word_1_40' title='bbox 232 1062 241 1092; x_wconf 91' lang='lat'>‚</span> <span class='ocrx_word' id='word_1_41' title='bbox 266 1037 295 1078; x_wconf 83' lang='lat' dir='ltr'>v.</span> <span class='ocrx_word' id='word_1_42' title='bbox 312 1015 375 1090; x_wconf 82' lang='lat'>22,</span> <span class='ocrx_word' id='word_1_43' title='bbox 400 1011 457 1076; x_wconf 92' lang='lat' dir='ltr'>ubi</span> <span class='ocrx_word' id='word_1_44' title='bbox 475 1010 617 1101; x_wconf 89' lang='lat' dir='ltr'>partibus</span> <span class='ocrx_word' id='word_1_45' title='bbox 637 1009 777 1076; x_wconf 92' lang='lat' dir='ltr'>eiusdem</span> <span class='ocrx_word' id='word_1_46' title='bbox 800 1034 906 1077; x_wconf 79' lang='lat' dir='ltr'>versus</span> <span class='ocrx_word' id='word_1_47' title='bbox 930 1011 1114 1100; x_wconf 77' lang='lat' dir='ltr'>aequalibus</span> <span class='ocrx_word' id='word_1_48' title='bbox 1138 1014 1342 1103; x_wconf 77' lang='lat' dir='ltr'><strong>transpositis</strong></span> 
     </span>
     <span class='ocr_line' id='line_1_7' title="bbox 143 1132 1342 1224; baseline -0.001 -24"><span class='ocrx_word' id='word_1_49' title='bbox 143 1134 238 1200; x_wconf 90' lang='lat' dir='ltr'>dicit:</span> <span class='ocrx_word' id='word_1_50' title='bbox 289 1132 432 1222; x_wconf 81' lang='lat' dir='ltr'>«Neque</span> <span class='ocrx_word' id='word_1_51' title='bbox 465 1132 551 1198; x_wconf 89' lang='lat' dir='ltr'>enim</span> <span class='ocrx_word' id='word_1_52' title='bbox 583 1132 688 1197; x_wconf 90' lang='lat' dir='ltr'>minus</span> <span class='ocrx_word' id='word_1_53' title='bbox 720 1132 810 1196; x_wconf 80' lang='lat' dir='ltr'>idem</span> <span class='ocrx_word' id='word_1_54' title='bbox 834 1145 894 1197; x_wconf 92' lang='lat' dir='ltr'>stat</span> <span class='ocrx_word' id='word_1_55' title='bbox 917 1156 1039 1212; x_wconf 79' lang='lat' dir='ltr'>versus,</span> <span class='ocrx_word' id='word_1_56' title='bbox 1065 1133 1091 1197; x_wconf 93' lang='lat' dir='ltr'>si</span> <span class='ocrx_word' id='word_1_57' title='bbox 1113 1134 1157 1198; x_wconf 90' lang='lat' dir='ltr'>ita</span> <span class='ocrx_word' id='word_1_58' title='bbox 1172 1156 1342 1224; x_wconf 82' lang='lat' dir='ltr'>pronun-</span> 
     </span>
     <span class='ocr_line' id='line_1_8' title="bbox 144 1251 1344 1344; baseline 0.001 -24"><span class='ocrx_word' id='word_1_59' title='bbox 144 1258 291 1321; x_wconf 80' lang='lat' dir='ltr'>tietur.»</span> <span class='ocrx_word' id='word_1_60' title='bbox 345 1254 426 1319; x_wconf 86' lang='lat' dir='ltr'>Tum</span> <span class='ocrx_word' id='word_1_61' title='bbox 460 1251 530 1343; x_wconf 89' lang='lat' dir='ltr'>lege</span> <span class='ocrx_word' id='word_1_62' title='bbox 553 1256 833 1343; x_wconf 83' lang='lat' dir='ltr'>pronuntiatur,</span> <span class='ocrx_word' id='word_1_63' title='bbox 866 1254 951 1343; x_wconf 92' lang='lat' dir='ltr'>quod</span> <span class='ocrx_word' id='word_1_64' title='bbox 974 1254 1142 1344; x_wconf 87' lang='lat' dir='ltr'>respondet</span> <span class='ocrx_word' id='word_1_65' title='bbox 1165 1252 1344 1344; x_wconf 76' lang='lat' dir='ltr'>Augustini</span> 
     </span>
     <span class='ocr_line' id='line_1_9' title="bbox 144 1374 644 1465; baseline 0.004 -27"><span class='ocrx_word' id='word_1_66' title='bbox 144 1374 189 1456; x_wconf 84' lang='lat' dir='ltr'>V,</span> <span class='ocrx_word' id='word_1_67' title='bbox 216 1381 256 1456; x_wconf 89' lang='lat'>2,</span> <span class='ocrx_word' id='word_1_68' title='bbox 281 1399 313 1464; x_wconf 91' lang='lat' dir='ltr'>p.</span> <span class='ocrx_word' id='word_1_69' title='bbox 342 1378 424 1453; x_wconf 88' lang='grc'><strong>155,</strong></span> <span class='ocrx_word' id='word_1_70' title='bbox 442 1374 644 1465; x_wconf 79' lang='lat' dir='ltr'>profertur.</span> 
     </span>
    </p>

    <p class='ocr_par' dir='ltr' id='par_1_5' title="bbox 141 1493 1342 2189">
     <span class='ocr_line' id='line_1_10' title="bbox 188 1493 1338 1585; baseline 0 -22"><span class='ocrx_word' id='word_1_71' title='bbox 188 1497 294 1564; x_wconf 85' lang='lat' dir='ltr'>Minus</span> <span class='ocrx_word' id='word_1_72' title='bbox 331 1507 417 1562; x_wconf 85' lang='lat' dir='ltr'>recte</span> <span class='ocrx_word' id='word_1_73' title='bbox 452 1495 554 1560; x_wconf 86' lang='lat' dir='ltr'>Maius</span> <span class='ocrx_word' id='word_1_74' title='bbox 589 1495 715 1560; x_wconf 89' lang='lat' dir='ltr'>reticuit</span> <span class='ocrx_word' id='word_1_75' title='bbox 746 1495 937 1561; x_wconf 78' lang='lat' dir='ltr'>vocabulum</span> <span class='ocrx_word' id='word_1_76' title='bbox 962 1493 1042 1585; x_wconf 81' lang='lat' dir='ltr'>(lap.</span> <span class='ocrx_word' id='word_1_77' title='bbox 1069 1494 1185 1576; x_wconf 84' lang='lat' dir='ltr'>XVII,</span> <span class='ocrx_word' id='word_1_78' title='bbox 1211 1521 1245 1563; x_wconf 82' lang='lat' dir='ltr'>v.</span> <span class='ocrx_word' id='word_1_79' title='bbox 1273 1503 1338 1563; x_wconf 85' lang='lat'>15:</span> 
     </span>
     <span class='ocr_line' id='line_1_11' title="bbox 143 1615 1339 1707; baseline 0.001 -24"><span class='ocrx_word' id='word_1_80' title='bbox 143 1621 376 1707; x_wconf 82' lang='lat' dir='ltr'>«Quamquam</span> <span class='ocrx_word' id='word_1_81' title='bbox 394 1616 447 1680; x_wconf 89' lang='lat' dir='ltr'>hic</span> <span class='ocrx_word' id='word_1_82' title='bbox 470 1615 549 1680; x_wconf 90' lang='lat' dir='ltr'>ratio</span> <span class='ocrx_word' id='word_1_83' title='bbox 570 1628 738 1705; x_wconf 87' lang='lat' dir='ltr'>appareat,</span> <span class='ocrx_word' id='word_1_84' title='bbox 762 1616 843 1682; x_wconf 88' lang='lat' dir='ltr'>forte</span> <span class='ocrx_word' id='word_1_85' title='bbox 863 1629 969 1681; x_wconf 89' lang='lat' dir='ltr'>tamen</span> <span class='ocrx_word' id='word_1_86' title='bbox 992 1616 1106 1705; x_wconf 90' lang='lat' dir='ltr'>(prima</span> <span class='ocrx_word' id='word_1_87' title='bbox 1125 1640 1227 1682; x_wconf 90' lang='lat' dir='ltr'>manu</span> <span class='ocrx_word' id='word_1_88' title='bbox 1240 1618 1339 1707; x_wconf 79' lang='lat' dir='ltr'>tunc)</span> 
     </span>
     <span class='ocr_line' id='line_1_12' title="bbox 142 1735 1340 1827; baseline 0.002 -23"><span class='ocrx_word' id='word_1_89' title='bbox 142 1743 281 1805; x_wconf 80' lang='lat' dir='ltr'>novitas</span> <span class='ocrx_word' id='word_1_90' title='bbox 318 1738 439 1826; x_wconf 90' lang='lat' dir='ltr'>aliquos</span> <span class='ocrx_word' id='word_1_91' title='bbox 476 1735 683 1801; x_wconf 89' lang='lat' dir='ltr'>conturbat.»</span> <span class='ocrx_word' id='word_1_92' title='bbox 726 1736 787 1802; x_wconf 83' lang='lat' dir='ltr'>Est</span> <span class='ocrx_word' id='word_1_93' title='bbox 812 1739 898 1802; x_wconf 85' lang='lat' dir='ltr'>enim</span> <span class='ocrx_word' id='word_1_94' title='bbox 922 1737 1011 1803; x_wconf 91' lang='lat' dir='ltr'>locus</span> <span class='ocrx_word' id='word_1_95' title='bbox 1035 1750 1199 1827; x_wconf 86' lang='lat' dir='ltr'>excerptus</span> <span class='ocrx_word' id='word_1_96' title='bbox 1224 1762 1265 1805; x_wconf 80' lang='lat' dir='ltr'>ex</span> <span class='ocrx_word' id='word_1_97' title='bbox 1288 1739 1340 1806; x_wconf 92' lang='lat' dir='ltr'>his</span> 
     </span>
     <span class='ocr_line' id='line_1_13' title="bbox 145 1856 1342 1949; baseline 0.001 -23"><span class='ocrx_word' id='word_1_98' title='bbox 145 1861 245 1928; x_wconf 86' lang='lat' dir='ltr'>verbis</span> <span class='ocrx_word' id='word_1_99' title='bbox 272 1858 419 1947; x_wconf 91' lang='lat' dir='ltr'>discipuli</span> <span class='ocrx_word' id='word_1_100' title='bbox 445 1856 526 1946; x_wconf 83' lang='lat' dir='ltr'>Au&#39;g.</span> <span class='ocrx_word' id='word_1_101' title='bbox 556 1857 604 1936; x_wconf 85' lang='lat' dir='ltr'>V,</span> <span class='ocrx_word' id='word_1_102' title='bbox 634 1861 674 1936; x_wconf 91' lang='lat'>9,</span> <span class='ocrx_word' id='word_1_103' title='bbox 707 1881 739 1946; x_wconf 93' lang='lat' dir='ltr'>p.</span> <span class='ocrx_word' id='word_1_104' title='bbox 776 1860 857 1923; x_wconf 87' lang='lat'><strong>162:</strong></span> <span class='ocrx_word' id='word_1_105' title='bbox 909 1860 1133 1949; x_wconf 77' lang='lat' dir='ltr'>«Quanquam</span> <span class='ocrx_word' id='word_1_106' title='bbox 1156 1858 1241 1924; x_wconf 92' lang='lat' dir='ltr'>mihi</span> <span class='ocrx_word' id='word_1_107' title='bbox 1265 1861 1342 1927; x_wconf 91' lang='lat' dir='ltr'>satis</span> 
     </span>
     <span class='ocr_line' id='line_1_14' title="bbox 143 1978 1340 2069; baseline -0.001 -21"><span class='ocrx_word' id='word_1_108' title='bbox 143 1984 222 2048; x_wconf 92' lang='lat' dir='ltr'>ratio</span> <span class='ocrx_word' id='word_1_109' title='bbox 253 1991 422 2069; x_wconf 89' lang='lat' dir='ltr'>appareat,</span> <span class='ocrx_word' id='word_1_110' title='bbox 451 1990 559 2043; x_wconf 90' lang='lat' dir='ltr'>tamen</span> <span class='ocrx_word' id='word_1_111' title='bbox 589 1979 727 2044; x_wconf 84' lang='lat' dir='ltr'>novitate</span> <span class='ocrx_word' id='word_1_112' title='bbox 756 1978 947 2057; x_wconf 91' lang='lat' dir='ltr'>conturbor,</span> <span class='ocrx_word' id='word_1_113' title='bbox 982 2003 1047 2044; x_wconf 93' lang='lat' dir='ltr'>non</span> <span class='ocrx_word' id='word_1_114' title='bbox 1080 1979 1164 2046; x_wconf 89' lang='lat' dir='ltr'>enim</span> <span class='ocrx_word' id='word_1_115' title='bbox 1196 1980 1340 2047; x_wconf 86' lang='lat' dir='ltr'>solemus</span> 
     </span>
     <span class='ocr_line' id='line_1_15' title="bbox 141 2097 1268 2189; baseline -0.002 -20"><span class='ocrx_word' id='word_1_116' title='bbox 141 2105 175 2169; x_wconf 92' lang='lat' dir='ltr'>in</span> <span class='ocrx_word' id='word_1_117' title='bbox 196 2103 258 2168; x_wconf 90' lang='lat' dir='ltr'>hoc</span> <span class='ocrx_word' id='word_1_118' title='bbox 281 2122 396 2189; x_wconf 87' lang='lat' dir='ltr'>genere</span> <span class='ocrx_word' id='word_1_119' title='bbox 419 2099 479 2163; x_wconf 91' lang='lat' dir='ltr'>nisi</span> <span class='ocrx_word' id='word_1_120' title='bbox 501 2097 676 2187; x_wconf 91' lang='lat' dir='ltr'>spondeum</span> <span class='ocrx_word' id='word_1_121' title='bbox 699 2097 813 2187; x_wconf 88' lang='lat' dir='ltr'>pedem</span> <span class='ocrx_word' id='word_1_122' title='bbox 835 2112 866 2164; x_wconf 92' lang='lat' dir='ltr'>et</span> <span class='ocrx_word' id='word_1_123' title='bbox 890 2098 1052 2188; x_wconf 76' lang='lat' dir='ltr'>dactylum</span> <span class='ocrx_word' id='word_1_124' title='bbox 1076 2099 1268 2168; x_wconf 82' lang='lat' dir='ltr'>scandere.»</span> 
     </span>
    </p>
   </div>
   <div class='ocr_carea' id='block_1_3' title="bbox 190 2217 1448 2311">
    <p class='ocr_par' dir='ltr' id='par_1_6' title="bbox 190 2217 1448 2311">
     <span class='ocr_line' id='line_1_16' title="bbox 190 2217 1448 2311; baseline -0.001 -23"><span class='ocrx_word' id='word_1_125' title='bbox 190 2223 227 2288; x_wconf 94' lang='lat' dir='ltr'>ln</span> <span class='ocrx_word' id='word_1_126' title='bbox 260 2221 324 2286; x_wconf 90' lang='lat' dir='ltr'>fine</span> <span class='ocrx_word' id='word_1_127' title='bbox 360 2218 439 2308; x_wconf 82' lang='lat' dir='ltr'>(lap.</span> <span class='ocrx_word' id='word_1_128' title='bbox 464 2217 564 2285; x_wconf 89' lang='lat' dir='ltr'>eiusd.</span> <span class='ocrx_word' id='word_1_129' title='bbox 589 2231 652 2284; x_wconf 90' lang='lat' dir='ltr'>tres</span> <span class='ocrx_word' id='word_1_130' title='bbox 675 2218 798 2284; x_wconf 81' lang='lat' dir='ltr'>litterae</span> <span class='ocrx_word' id='word_1_131' title='bbox 821 2219 1023 2286; x_wconf 78' lang='lat' dir='ltr'>exciderunt:</span> <span class='ocrx_word' id='word_1_132' title='bbox 1073 2221 1230 2288; x_wconf 82' lang='lat' dir='ltr'>«Eodem</span> <span class='ocrx_word' id='word_1_133' title='bbox 1251 2245 1337 2311; x_wconf 77' lang='lat' dir='ltr'>quo·</span> <span class='ocrx_word' id='word_1_134' title='bbox 1445 2244 1448 2253; x_wconf 93' lang='lat'>·</span> 
     </span>
    </p>
   </div>
   <div class='ocr_carea' id='block_1_4' title="bbox 51 2342 1340 4494">
    <p class='ocr_par' dir='ltr' id='par_1_7' title="bbox 143 2342 359 2436">
     <span class='ocr_line' id='line_1_17' title="bbox 143 2342 359 2436; baseline -0.023 -25"><span class='ocrx_word' id='word_1_135' title='bbox 143 2368 205 2436; x_wconf 90' lang='lat' dir='ltr'>que</span> <span class='ocrx_word' id='word_1_136' title='bbox 228 2342 359 2410; x_wconf 89' lang='lat' dir='ltr'>modo.»</span> 
     </span>
    </p>

    <p class='ocr_par' dir='ltr' id='par_1_8' title="bbox 141 2460 1340 2796">
     <span class='ocr_line' id='line_1_18' title="bbox 188 2460 1337 2556; baseline -0.001 -23"><span class='ocrx_word' id='word_1_137' title='bbox 188 2465 249 2533; x_wconf 88' lang='lat' dir='ltr'>Pro</span> <span class='ocrx_word' id='word_1_138' title='bbox 283 2465 442 2556; x_wconf 88' lang='lat' dir='ltr'>praesenti</span> <span class='ocrx_word' id='word_1_139' title='bbox 471 2476 613 2553; x_wconf 89' lang='lat' dir='ltr'>tempore</span> <span class='ocrx_word' id='word_1_140' title='bbox 645 2460 723 2553; x_wconf 83' lang='lat' dir='ltr'>(lap.</span> <span class='ocrx_word' id='word_1_141' title='bbox 760 2462 870 2529; x_wconf 78' lang='lat' dir='ltr'>XVIII</span> <span class='ocrx_word' id='word_1_142' title='bbox 901 2464 935 2528; x_wconf 93' lang='lat' dir='ltr'>in</span> <span class='ocrx_word' id='word_1_143' title='bbox 964 2463 1028 2529; x_wconf 88' lang='lat' dir='ltr'>fine</span> <span class='ocrx_word' id='word_1_144' title='bbox 1058 2463 1233 2553; x_wconf 88' lang='lat' dir='ltr'>legendum</span> <span class='ocrx_word' id='word_1_145' title='bbox 1267 2479 1337 2532; x_wconf 87' lang='lat' dir='ltr'>est:</span> 
     </span>
     <span class='ocr_line' id='line_1_19' title="bbox 142 2583 1340 2679; baseline 0 -25"><span class='ocrx_word' id='word_1_146' title='bbox 142 2610 269 2679; x_wconf 89' lang='lat' dir='ltr'>«quem</span> <span class='ocrx_word' id='word_1_147' title='bbox 300 2607 470 2652; x_wconf 86' lang='lat' dir='ltr'>numerum</span> <span class='ocrx_word' id='word_1_148' title='bbox 498 2585 620 2663; x_wconf 79' lang='lat' dir='ltr'>versui,</span> <span class='ocrx_word' id='word_1_149' title='bbox 653 2583 734 2649; x_wconf 89' lang='lat' dir='ltr'>sicut</span> <span class='ocrx_word' id='word_1_150' title='bbox 763 2584 835 2649; x_wconf 89' lang='lat' dir='ltr'>satis</span> <span class='ocrx_word' id='word_1_151' title='bbox 867 2588 1102 2674; x_wconf 81' lang='lat' dir='ltr'>cognocimus,</span> <span class='ocrx_word' id='word_1_152' title='bbox 1127 2607 1193 2650; x_wconf 92' lang='lat' dir='ltr'>non</span> <span class='ocrx_word' id='word_1_153' title='bbox 1216 2585 1267 2673; x_wconf 84' lang='lat' dir='ltr'>fas</span> <span class='ocrx_word' id='word_1_154' title='bbox 1290 2601 1340 2654; x_wconf 86' lang='lat' dir='ltr'>est</span> 
     </span>
     <span class='ocr_line' id='line_1_20' title="bbox 141 2705 1080 2796; baseline -0.004 -19"><span class='ocrx_word' id='word_1_155' title='bbox 141 2708 335 2785; x_wconf 65' lang='lat' dir='ltr'>excedere»</span> <span class='ocrx_word' id='word_1_156' title='bbox 359 2719 396 2772; x_wconf 90' lang='lat' dir='ltr'>ut</span> <span class='ocrx_word' id='word_1_157' title='bbox 421 2705 613 2795; x_wconf 80' lang='lat' dir='ltr'>Augustinus</span> <span class='ocrx_word' id='word_1_158' title='bbox 637 2705 760 2795; x_wconf 83' lang='lat' dir='ltr'>scripsit</span> <span class='ocrx_word' id='word_1_159' title='bbox 783 2706 831 2784; x_wconf 78' lang='lat' dir='ltr'>t,</span> <span class='ocrx_word' id='word_1_160' title='bbox 859 2709 919 2783; x_wconf 89' lang='grc'>19,</span> <span class='ocrx_word' id='word_1_161' title='bbox 943 2729 975 2796; x_wconf 89' lang='lat' dir='ltr'>p.</span> <span class='ocrx_word' id='word_1_162' title='bbox 1003 2709 1080 2774; x_wconf 83' lang='grc'><strong>173.</strong></span> 
     </span>
    </p>

    <p class='ocr_par' dir='ltr' id='par_1_9' title="bbox 144 2823 1340 3405">
     <span class='ocr_line' id='line_1_21' title="bbox 187 2823 1333 2916; baseline 0 -18"><span class='ocrx_word' id='word_1_163' title='bbox 187 2829 351 2898; x_wconf 87' lang='lat' dir='ltr'>Sententia</span> <span class='ocrx_word' id='word_1_164' title='bbox 380 2828 414 2892; x_wconf 92' lang='lat' dir='ltr'>in</span> <span class='ocrx_word' id='word_1_165' title='bbox 446 2826 523 2893; x_wconf 86' lang='lat' dir='ltr'>Maii</span> <span class='ocrx_word' id='word_1_166' title='bbox 553 2824 691 2892; x_wconf 89' lang='lat' dir='ltr'>editione</span> <span class='ocrx_word' id='word_1_167' title='bbox 725 2823 803 2916; x_wconf 83' lang='lat' dir='ltr'>(lap.</span> <span class='ocrx_word' id='word_1_168' title='bbox 836 2825 937 2905; x_wconf 84' lang='lat' dir='ltr'>XIX„</span> <span class='ocrx_word' id='word_1_169' title='bbox 962 2831 993 2892; x_wconf 66' lang='grc' dir='ltr'>ν’.</span> <span class='ocrx_word' id='word_1_170' title='bbox 1019 2829 1062 2891; x_wconf 83' lang='grc'>20</span> <span class='ocrx_word' id='word_1_171' title='bbox 1085 2827 1160 2892; x_wconf 81' lang='lat' dir='ltr'>vitio</span> <span class='ocrx_word' id='word_1_172' title='bbox 1184 2827 1333 2898; x_wconf 87' lang='lat' dir='ltr'>laborat:</span> 
     </span>
     <span class='ocr_line' id='line_1_22' title="bbox 144 2946 1339 3041; baseline 0.002 -25"><span class='ocrx_word' id='word_1_173' title='bbox 144 2953 285 3041; x_wconf 84' lang='lat' dir='ltr'>«Itaque</span> <span class='ocrx_word' id='word_1_174' title='bbox 308 2946 631 3026; x_wconf 83' lang='lat' dir='ltr'>inconversibiliores,</span> <span class='ocrx_word' id='word_1_175' title='bbox 663 2958 699 3011; x_wconf 90' lang='lat' dir='ltr'>ut</span> <span class='ocrx_word' id='word_1_176' title='bbox 720 2946 764 3011; x_wconf 91' lang='lat' dir='ltr'>ita</span> <span class='ocrx_word' id='word_1_177' title='bbox 784 2946 961 3025; x_wconf 78' lang='lat' dir='ltr'>dicamus,</span> <span class='ocrx_word' id='word_1_178' title='bbox 987 2970 1083 3035; x_wconf 90' lang='lat' dir='ltr'>quam</span> <span class='ocrx_word' id='word_1_179' title='bbox 1107 2947 1173 3027; x_wconf 92' lang='lat' dir='ltr'>illi,</span> <span class='ocrx_word' id='word_1_180' title='bbox 1200 2951 1261 3039; x_wconf 90' lang='lat' dir='ltr'>qui</span> <span class='ocrx_word' id='word_1_181' title='bbox 1281 2965 1339 3018; x_wconf 88' lang='lat' dir='ltr'>aut</span> 
     </span>
     <span class='ocr_line' id='line_1_23' title="bbox 145 3067 1339 3156; baseline 0.001 -17"><span class='ocrx_word' id='word_1_182' title='bbox 145 3072 290 3139; x_wconf 90' lang='lat' dir='ltr'>omnibus</span> <span class='ocrx_word' id='word_1_183' title='bbox 324 3068 492 3147; x_wconf 87' lang='lat' dir='ltr'>brevibus,</span> <span class='ocrx_word' id='word_1_184' title='bbox 530 3080 584 3133; x_wconf 92' lang='lat' dir='ltr'>aut</span> <span class='ocrx_word' id='word_1_185' title='bbox 619 3067 720 3156; x_wconf 91' lang='lat' dir='ltr'>longis</span> <span class='ocrx_word' id='word_1_186' title='bbox 755 3068 900 3133; x_wconf 92' lang='lat' dir='ltr'>omnibus</span> <span class='ocrx_word' id='word_1_187' title='bbox 933 3080 1114 3134; x_wconf 89' lang='lat' dir='ltr'>constant.»</span> <span class='ocrx_word' id='word_1_188' title='bbox 1160 3069 1198 3135; x_wconf 92' lang='lat' dir='ltr'>In</span> <span class='ocrx_word' id='word_1_189' title='bbox 1225 3072 1339 3141; x_wconf 87' lang='lat' dir='ltr'>codiee</span> 
     </span>
     <span class='ocr_line' id='line_1_24' title="bbox 144 3187 1340 3286; baseline 0.002 -26"><span class='ocrx_word' id='word_1_190' title='bbox 144 3206 252 3261; x_wconf 91' lang='lat' dir='ltr'>contra</span> <span class='ocrx_word' id='word_1_191' title='bbox 281 3204 370 3257; x_wconf 86' lang='lat' dir='ltr'>recte</span> <span class='ocrx_word' id='word_1_192' title='bbox 401 3202 500 3257; x_wconf 82' lang='lat' dir='ltr'>exstat</span> <span class='ocrx_word' id='word_1_193' title='bbox 531 3212 551 3252; x_wconf 83' lang='lat' dir='ltr'>t&lt;</span> <span class='ocrx_word' id='word_1_194' title='bbox 562 3201 597 3253; x_wconf 89' lang='lat' dir='ltr'>ut</span> <span class='ocrx_word' id='word_1_195' title='bbox 624 3189 669 3253; x_wconf 89' lang='lat' dir='ltr'>ita</span> <span class='ocrx_word' id='word_1_196' title='bbox 693 3187 828 3266; x_wconf 84' lang='lat' dir='ltr'>dicam,</span> <span class='ocrx_word' id='word_1_197' title='bbox 850 3198 971 3256; x_wconf 81' lang='lat' dir='ltr'>sunt.»</span> <span class='ocrx_word' id='word_1_198' title='bbox 1007 3189 1075 3256; x_wconf 92' lang='lat' dir='ltr'>Nec</span> <span class='ocrx_word' id='word_1_199' title='bbox 1098 3189 1184 3255; x_wconf 91' lang='lat' dir='ltr'>aliud</span> <span class='ocrx_word' id='word_1_200' title='bbox 1208 3195 1340 3286; x_wconf 88' lang='lat' dir='ltr'>scripsit</span> 
     </span>
     <span class='ocr_line' id='line_1_25' title="bbox 144 3286 1310 3405; baseline -0.012 -24"><span class='ocrx_word' id='word_1_201' title='bbox 144 3316 227 3405; x_wconf 71' lang='lat' dir='ltr'>nug.</span> <span class='ocrx_word' id='word_1_202' title='bbox 251 3315 299 3392; x_wconf 77' lang='lat' dir='ltr'>v,</span> <span class='ocrx_word' id='word_1_203' title='bbox 320 3300 365 3377; x_wconf 80' lang='lat'>&#39;21</span> <span class='ocrx_word' id='word_1_204' title='bbox 391 3337 425 3402; x_wconf 82' lang='lat' dir='ltr'>p.</span> <span class='ocrx_word' id='word_1_205' title='bbox 453 3316 531 3377; x_wconf 82' lang='lat'>175.</span> <span class='ocrx_word' id='word_1_206' title='bbox 1307 3286 1310 3290; x_wconf 74' lang='grc'><strong><em>’</em></strong></span> 
     </span>
    </p>

    <p class='ocr_par' dir='ltr' id='par_1_10' title="bbox 59 3428 1340 3644">
     <span class='ocr_line' id='line_1_26' title="bbox 190 3428 1340 3522; baseline 0.001 -20"><span class='ocrx_word' id='word_1_207' title='bbox 190 3435 304 3502; x_wconf 84' lang='lat' dir='ltr'>Levius</span> <span class='ocrx_word' id='word_1_208' title='bbox 323 3433 434 3498; x_wconf 80' lang='lat' dir='ltr'>sitium</span> <span class='ocrx_word' id='word_1_209' title='bbox 454 3428 676 3520; x_wconf 88' lang='lat' dir='ltr'>corrigendum</span> <span class='ocrx_word' id='word_1_210' title='bbox 696 3443 741 3496; x_wconf 88' lang='lat' dir='ltr'>est</span> <span class='ocrx_word' id='word_1_211' title='bbox 761 3429 839 3520; x_wconf 83' lang='lat' dir='ltr'>Gap.</span> <span class='ocrx_word' id='word_1_212' title='bbox 862 3431 940 3512; x_wconf 86' lang='lat' dir='ltr'>XX,</span> <span class='ocrx_word' id='word_1_213' title='bbox 953 3455 983 3498; x_wconf 80' lang='lat' dir='ltr'>r.</span> <span class='ocrx_word' id='word_1_214' title='bbox 999 3438 1018 3498; x_wconf 89' lang='lat'><strong>3</strong></span> <span class='ocrx_word' id='word_1_215' title='bbox 1036 3433 1211 3522; x_wconf 84' lang='lat' dir='ltr'>«quoniam</span> <span class='ocrx_word' id='word_1_216' title='bbox 1226 3437 1287 3501; x_wconf 78' lang='lat' dir='ltr'>hic</span> <span class='ocrx_word' id='word_1_217' title='bbox 1298 3436 1340 3504; x_wconf 90' lang='lat' dir='ltr'>de</span> 
     </span>
     <span class='ocr_line' id='line_1_27' title="bbox 59 3550 1339 3644; baseline -0.001 -20"><span class='ocrx_word' id='word_1_218' title='bbox 59 3621 64 3633; x_wconf 83' lang='grc'><strong>,</strong></span> <span class='ocrx_word' id='word_1_219' title='bbox 145 3557 284 3624; x_wconf 90' lang='lat' dir='ltr'>numeris</span> <span class='ocrx_word' id='word_1_220' title='bbox 301 3555 460 3644; x_wconf 78' lang='lat' dir='ltr'>agimus.»</span> <span class='ocrx_word' id='word_1_221' title='bbox 481 3551 519 3617; x_wconf 94' lang='lat' dir='ltr'>In</span> <span class='ocrx_word' id='word_1_222' title='bbox 532 3550 613 3616; x_wconf 86' lang='lat' dir='ltr'>libro</span> <span class='ocrx_word' id='word_1_223' title='bbox 633 3563 698 3630; x_wconf 88' lang='lat' dir='ltr'>est,</span> <span class='ocrx_word' id='word_1_224' title='bbox 721 3563 756 3615; x_wconf 90' lang='lat' dir='ltr'>ut</span> <span class='ocrx_word' id='word_1_225' title='bbox 772 3550 855 3641; x_wconf 91' lang='lat' dir='ltr'>apud</span> <span class='ocrx_word' id='word_1_226' title='bbox 869 3550 951 3642; x_wconf 91' lang='lat' dir='ltr'>Aug.</span> <span class='ocrx_word' id='word_1_227' title='bbox 968 3553 1008 3632; x_wconf 81' lang='lat' dir='ltr'>V,</span> <span class='ocrx_word' id='word_1_228' title='bbox 1023 3557 1086 3632; x_wconf 85' lang='lat'>23,</span> <span class='ocrx_word' id='word_1_229' title='bbox 1099 3576 1133 3643; x_wconf 88' lang='lat' dir='ltr'>p.</span> <span class='ocrx_word' id='word_1_230' title='bbox 1150 3558 1214 3620; x_wconf 87' lang='grc'>176</span> <span class='ocrx_word' id='word_1_231' title='bbox 1230 3579 1339 3628; x_wconf 71' lang='lat' dir='ltr'>natac.</span> 
     </span>
    </p>

    <p class='ocr_par' dir='ltr' id='par_1_11' title="bbox 142 3671 1338 4125">
     <span class='ocr_line' id='line_1_28' title="bbox 192 3671 1335 3768; baseline 0.003 -24"><span class='ocrx_word' id='word_1_232' title='bbox 192 3677 337 3767; x_wconf 86' lang='lat' dir='ltr'>Denique</span> <span class='ocrx_word' id='word_1_233' title='bbox 360 3695 535 3766; x_wconf 89' lang='lat' dir='ltr'>pronomen</span> <span class='ocrx_word' id='word_1_234' title='bbox 558 3671 794 3738; x_wconf 88' lang='lat' dir='ltr'>rescribendum</span> <span class='ocrx_word' id='word_1_235' title='bbox 817 3685 864 3738; x_wconf 87' lang='lat' dir='ltr'>est</span> <span class='ocrx_word' id='word_1_236' title='bbox 886 3674 920 3738; x_wconf 91' lang='lat' dir='ltr'>in</span> <span class='ocrx_word' id='word_1_237' title='bbox 943 3673 1007 3740; x_wconf 89' lang='lat' dir='ltr'>fine</span> <span class='ocrx_word' id='word_1_238' title='bbox 1032 3674 1172 3742; x_wconf 85' lang='lat' dir='ltr'>eiusdem</span> <span class='ocrx_word' id='word_1_239' title='bbox 1195 3679 1335 3768; x_wconf 86' lang='lat' dir='ltr'>capitis:</span> 
     </span>
     <span class='ocr_line' id='line_1_29' title="bbox 147 3793 1338 3883; baseline 0.001 -20"><span class='ocrx_word' id='word_1_240' title='bbox 147 3799 298 3864; x_wconf 89' lang='lat' dir='ltr'>«Tamen</span> <span class='ocrx_word' id='word_1_241' title='bbox 329 3797 355 3861; x_wconf 92' lang='lat' dir='ltr'>si</span> <span class='ocrx_word' id='word_1_242' title='bbox 385 3796 456 3883; x_wconf 92' lang='lat' dir='ltr'>quis</span> <span class='ocrx_word' id='word_1_243' title='bbox 478 3793 609 3872; x_wconf 89' lang='lat' dir='ltr'>audeat,</span> <span class='ocrx_word' id='word_1_244' title='bbox 634 3805 665 3858; x_wconf 90' lang='lat' dir='ltr'>et</span> <span class='ocrx_word' id='word_1_245' title='bbox 688 3793 783 3859; x_wconf 91' lang='lat' dir='ltr'>faciat</span> <span class='ocrx_word' id='word_1_246' title='bbox 804 3795 882 3860; x_wconf 90' lang='lat' dir='ltr'>tales</span> <span class='ocrx_word' id='word_1_247' title='bbox 906 3817 1029 3873; x_wconf 82' lang='lat' dir='ltr'>versus,</span> <span class='ocrx_word' id='word_1_248' title='bbox 1054 3796 1261 3865; x_wconf 84' lang='lat' dir='ltr'>manifestum</span> <span class='ocrx_word' id='word_1_249' title='bbox 1288 3815 1338 3868; x_wconf 90' lang='lat' dir='ltr'>est</span> 
     </span>
     <span class='ocr_line' id='line_1_30' title="bbox 145 3915 1338 4006; baseline 0 -20"><span class='ocrx_word' id='word_1_250' title='bbox 145 3943 219 3986; x_wconf 91' lang='lat' dir='ltr'>eum</span> <span class='ocrx_word' id='word_1_251' title='bbox 251 3918 311 3982; x_wconf 92' lang='lat' dir='ltr'>alia</span> <span class='ocrx_word' id='word_1_252' title='bbox 343 3938 457 4005; x_wconf 91' lang='lat' dir='ltr'>genera</span> <span class='ocrx_word' id='word_1_253' title='bbox 489 3915 682 3980; x_wconf 86' lang='lat' dir='ltr'>senariorum</span> <span class='ocrx_word' id='word_1_254' title='bbox 714 3938 779 3981; x_wconf 92' lang='lat' dir='ltr'>esse</span> <span class='ocrx_word' id='word_1_255' title='bbox 810 3916 989 3996; x_wconf 87' lang='lat' dir='ltr'>facturum,</span> <span class='ocrx_word' id='word_1_256' title='bbox 1019 3916 1135 4006; x_wconf 91' lang='lat' dir='ltr'>quibus</span> <span class='ocrx_word' id='word_1_257' title='bbox 1158 3932 1234 3985; x_wconf 88' lang='lat' dir='ltr'>sunt</span> <span class='ocrx_word' id='word_1_258' title='bbox 1259 3925 1338 3986; x_wconf 81' lang='lat' dir='ltr'>ista</span> 
     </span>
     <span class='ocr_line' id='line_1_31' title="bbox 142 4034 754 4125; baseline -0.003 -20"><span class='ocrx_word' id='word_1_259' title='bbox 142 4038 315 4117; x_wconf 91' lang='lat' dir='ltr'>meliora,»</span> <span class='ocrx_word' id='word_1_260' title='bbox 339 4037 380 4102; x_wconf 90' lang='lat' dir='ltr'>cf.</span> <span class='ocrx_word' id='word_1_261' title='bbox 407 4034 490 4124; x_wconf 90' lang='lat' dir='ltr'>Aug.</span> <span class='ocrx_word' id='word_1_262' title='bbox 515 4034 593 4100; x_wconf 92' lang='lat' dir='ltr'>ibid.</span> <span class='ocrx_word' id='word_1_263' title='bbox 618 4059 650 4125; x_wconf 93' lang='lat' dir='ltr'>p.</span> <span class='ocrx_word' id='word_1_264' title='bbox 678 4037 754 4103; x_wconf 86' lang='lat'>177.</span> 
     </span>
    </p>

    <p class='ocr_par' dir='ltr' id='par_1_12' title="bbox 51 4155 1339 4494">
     <span class='ocr_line' id='line_1_32' title="bbox 191 4155 1338 4254; baseline 0.003 -27"><span class='ocrx_word' id='word_1_265' title='bbox 191 4161 247 4227; x_wconf 89' lang='lat' dir='ltr'>llis</span> <span class='ocrx_word' id='word_1_266' title='bbox 275 4160 373 4248; x_wconf 87' lang='lat' dir='ltr'>igitur</span> <span class='ocrx_word' id='word_1_267' title='bbox 402 4155 576 4224; x_wconf 89' lang='lat' dir='ltr'>emendatis</span> <span class='ocrx_word' id='word_1_268' title='bbox 607 4178 688 4245; x_wconf 90' lang='lat' dir='ltr'>quae</span> <span class='ocrx_word' id='word_1_269' title='bbox 719 4170 886 4246; x_wconf 90' lang='lat' dir='ltr'>supersunt</span> <span class='ocrx_word' id='word_1_270' title='bbox 910 4158 978 4224; x_wconf 90' lang='lat' dir='ltr'>aliis</span> <span class='ocrx_word' id='word_1_271' title='bbox 1002 4159 1168 4250; x_wconf 89' lang='lat' dir='ltr'>relinquo,</span> <span class='ocrx_word' id='word_1_272' title='bbox 1192 4162 1228 4226; x_wconf 89' lang='lat' dir='ltr'>in</span> <span class='ocrx_word' id='word_1_273' title='bbox 1254 4186 1338 4254; x_wconf 90' lang='lat' dir='ltr'>quo·</span> 
     </span>
     <span class='ocr_line' id='line_1_33' title="bbox 145 4277 1339 4370; baseline 0.002 -21"><span class='ocrx_word' id='word_1_274' title='bbox 145 4305 217 4349; x_wconf 88' lang='lat' dir='ltr'>rum</span> <span class='ocrx_word' id='word_1_275' title='bbox 247 4302 339 4345; x_wconf 90' lang='lat' dir='ltr'>usum</span> <span class='ocrx_word' id='word_1_276' title='bbox 371 4301 441 4345; x_wconf 90' lang='lat' dir='ltr'>eam</span> <span class='ocrx_word' id='word_1_277' title='bbox 470 4277 628 4344; x_wconf 88' lang='lat' dir='ltr'>Lectionis</span> <span class='ocrx_word' id='word_1_278' title='bbox 660 4278 853 4345; x_wconf 76' lang='lat' dir='ltr'>Varietatem</span> <span class='ocrx_word' id='word_1_279' title='bbox 875 4280 1052 4369; x_wconf 88' lang='lat' dir='ltr'>proferam,</span> <span class='ocrx_word' id='word_1_280' title='bbox 1077 4282 1111 4346; x_wconf 90' lang='lat' dir='ltr'>in</span> <span class='ocrx_word' id='word_1_281' title='bbox 1135 4305 1199 4370; x_wconf 86' lang='lat' dir='ltr'>que</span> <span class='ocrx_word' id='word_1_282' title='bbox 1223 4285 1339 4351; x_wconf 87' lang='lat' dir='ltr'>ortbo-</span> 
     </span>
     <span class='ocr_line' id='line_1_34' title="bbox 51 4398 1338 4494; baseline 0.005 -26"><span class='ocrx_word' id='word_1_283' title='bbox 51 4479 55 4488; x_wconf 94' lang='lat'>.</span> <span class='ocrx_word' id='word_1_284' title='bbox 135 4401 297 4494; x_wconf 71' lang='lat' dir='ltr'>&#39;graphiae</span> <span class='ocrx_word' id='word_1_285' title='bbox 317 4398 439 4465; x_wconf 91' lang='lat' dir='ltr'>nullam</span> <span class='ocrx_word' id='word_1_286' title='bbox 462 4399 560 4464; x_wconf 88' lang='lat' dir='ltr'>habui</span> <span class='ocrx_word' id='word_1_287' title='bbox 579 4399 751 4478; x_wconf 87' lang='lat' dir='ltr'>rationem,</span> <span class='ocrx_word' id='word_1_288' title='bbox 773 4399 858 4489; x_wconf 91' lang='lat' dir='ltr'>quod</span> <span class='ocrx_word' id='word_1_289' title='bbox 877 4401 910 4465; x_wconf 92' lang='lat' dir='ltr'>in</span> <span class='ocrx_word' id='word_1_290' title='bbox 923 4401 1076 4490; x_wconf 89' lang='lat' dir='ltr'>epitoma,</span> <span class='ocrx_word' id='word_1_291' title='bbox 1099 4404 1201 4493; x_wconf 88' lang='lat' dir='ltr'>qualis</span> <span class='ocrx_word' id='word_1_292' title='bbox 1212 4419 1263 4472; x_wconf 89' lang='lat' dir='ltr'>est</span> <span class='ocrx_word' id='word_1_293' title='bbox 1273 4406 1338 4474; x_wconf 94' lang='lat' dir='ltr'>boc</span> 
     </span>
    </p>
   </div>
   <div class='ocr_carea' id='block_1_5' title="bbox 145 4520 1337 4618">
    <p class='ocr_par' dir='ltr' id='par_1_13' title="bbox 145 4520 1337 4618">
     <span class='ocr_line' id='line_1_35' title="bbox 145 4520 1337 4618; baseline 0.003 -26"><span class='ocrx_word' id='word_1_294' title='bbox 145 4525 181 4592; x_wconf 89' lang='lat' dir='ltr'>S.</span> <span class='ocrx_word' id='word_1_295' title='bbox 205 4523 373 4614; x_wconf 76' lang='lat' dir='ltr'>Augustini</span> <span class='ocrx_word' id='word_1_296' title='bbox 393 4520 708 4611; x_wconf 62' lang='lat' dir='ltr'>opus-,abbreviatum</span> <span class='ocrx_word' id='word_1_297' title='bbox 729 4522 808 4586; x_wconf 89' lang='lat' dir='ltr'>mihi</span> <span class='ocrx_word' id='word_1_298' title='bbox 828 4523 909 4589; x_wconf 81' lang='lat' dir='ltr'>risus</span> <span class='ocrx_word' id='word_1_299' title='bbox 930 4546 999 4588; x_wconf 89' lang='lat' dir='ltr'>snm</span> <span class='ocrx_word' id='word_1_300' title='bbox 1017 4536 1084 4589; x_wconf 87' lang='lat' dir='ltr'>tuto</span> <span class='ocrx_word' id='word_1_301' title='bbox 1104 4524 1211 4594; x_wconf 84' lang='lat' dir='ltr'>lacere</span> <span class='ocrx_word' id='word_1_302' title='bbox 1230 4551 1337 4618; x_wconf 87' lang='lat' dir='ltr'>posse.</span> 
     </span>
    </p>
   </div>
   <div class='ocr_carea' id='block_1_6' title="bbox 642 4698 834 4726">
    <p class='ocr_par' dir='ltr' id='par_1_14' title="bbox 642 4698 834 4726">
     <span class='ocr_line' id='line_1_36' title="bbox 642 4698 834 4726; baseline -0.01 0"><span class='ocrx_word' id='word_1_303' title='bbox 642 4698 834 4726; x_wconf 41' lang='grc' dir='ltr'>ἅδοι-</span> 
     </span>
    </p>
   </div>
   <div class='ocr_carea' id='block_1_7' title="bbox 0 0 1478 5174">
    <p class='ocr_par' dir='ltr' id='par_1_15' title="bbox 0 0 1478 5174">
     <span class='ocr_line' id='line_1_37' title="bbox 0 0 1478 5174; baseline 0 0"><span class='ocrx_word' id='word_1_304' title='bbox 0 0 1478 5174; x_wconf 95' lang='lat' dir='ltr'> </span> 
     </span>
    </p>
   </div>
   <div class='ocr_carea' id='block_1_8' title="bbox 1470 2397 1475 3052">
    <p class='ocr_par' dir='ltr' id='par_1_16' title="bbox 1470 2397 1475 3052">
     <span class='ocr_line' id='line_1_38' title="bbox 1470 2397 1475 3052; baseline 0 0"><span class='ocrx_word' id='word_1_305' title='bbox 1470 2397 1475 3052; x_wconf 95' lang='lat' dir='ltr'> </span> 
     </span>
    </p>
   </div>
  </div>
 </body>
</html>
