2946 5182
367 357 432 405 m.
460 342 486 406 1.
514 343 531 425 s
557 345 619 418 aa,
646 345 701 416 41,
728 345 789 417 aa,
817 344 879 419 54,
905 341 968 417 eo,
994 343 1048 404 aa.
1256 343 1298 405 ss

111 538 183 594 tur..
227 525 360 593 Accedit
385 530 611 618 gravissirnum
643 529 677 594 ni
699 528 808 607 fallor,
833 540 1073 617 argumentum,
1099 527 1183 616 quod
1207 551 1301 594 causa

110 670 228 737 nempe
256 646 344 714 adest
372 670 454 736 quae
484 650 614 716 vitiosae
645 649 825 739 repetitioni
856 671 964 715 ansam
987 648 1128 728 dederit,
1152 650 1301 740 paginam

110 780 249 834 verterat
272 769 437 850 librarius3
463 769 539 836 hinc
558 770 631 836 illae
650 770 819 848 lacrimae,
841 770 882 835 cf.
908 769 940 835 II
964 772 983 855 §
1008 772 1049 849 2,
1076 774 1129 836 58.

160 1008 291 1077 XXXV.
319 1016 336 1098 §
361 1015 416 1077 tl.
462 1010 509 1077 In
533 1015 653 1101 primo
684 1019 799 1076 entem
826 1032 972 1100 genere,
1005 1009 1107 1098 qnod.
1150 1009 1204 1077 Sic
1227 1033 1303 1101 sup·

109 1131 201 1220 plent
241 1130 404 1212 lacunam3
452 1132 554 1198 Maius
597 1143 804 1222 proposuerat
839 1132 872 1196 in
907 1132 1050 1221 principe
1090 1130 1229 1198 editione
1263 1137 1303 1196 a'n

101 1255 226 1342 primo
269 1274 396 1341 genere
439 1261 553 1318 temen
599 1252 708 1341 qnod,
756 1275 838 1341 quae
877 1252 972 1319 rerba
1010 1276 1075 1318 non
1110 1254 1303 1320 conveniunt

109 1395 187 1440 eum
205 1373 341 1439 duorum
364 1396 514 1439 versuum
536 1374 653 1465 spatio:
686 1372 733 1439 In
748 1377 868 1464 prime
890 1396 1017 1464 genere
1035 1371 1042 1465 j
1063 1382 1178 1440 tamen
1195 1375 1299 1464 qnod.

110 1492 155 1560 At
190 1493 291 1561 editor
324 1507 432 1585 postea
460 1497 522 1561 hoc
561 1495 680 1562 voluit:
717 1494 763 1561 In
787 1498 907 1585 primo
940 1518 987 1558 an
1007 1492 1013 1584 Ι
1034 1504 1100 1560 tem
1131 1496 1238 1584 qnod,
1270 1509 1302 1562 ct

108 1616 277 1705 vestigium
307 1616 431 1683 litterae
464 1636 482 1684 r
513 1618 546 1682 in
577 1616 691 1682 ultimo
722 1615 865 1706 pagellae
885 1638 977 1682 versu
1000 1629 1120 1683 exstare
1142 1617 1302 1707 significa·

109 1737 179 1814 vit,
216 1760 323 1803 rerum
359 1750 478 1827 septem
509 1737 688 1804 litterarum
713 1737 849 1826 spatium
872 1735 1006 1802 solemni
1028 1738 1134 1803 minus
1153 1750 1216 1818 est,
1242 1761 1302 1805 nec

107 1856 228 1923 lineola
251 1859 310 1922 ista
334 1858 594 1959 solamvlitteram
615 1877 633 1924 r
657 1858 703 1924 ibi
725 1870 884 1924 exaratam
910 1881 976 1925 esse
999 1858 1130 1925 indicat.

158 2099 341 2166 XXXVIII.
368 2105 385 2187 §
409 2103 464 2165 60.
499 2093 552 2165 Et
575 2099 670 2164 illud
691 2098 810 2178 vides,
834 2103 874 2164 in
897 2103 1028 2164 animis
1052 2101 1224 2165 hominnm
1247 2124 1304 2166 re-

106 2222 193 2310 gale
217 2225 252 2285 sa'
274 2223 458 2310 Imperium
483 2224 545 2286 sit.
594 2220 686 2286 Viros
709 2220 818 2286 doctos
837 2218 877 2286 de
897 2220 1035 2310 genuina
1053 2221 1189 2287 lectione
1208 2221 1303 2286 dubi·

108 2353 217 2409 tantes
237 2341 372 2407 monitos
397 2341 493 2408 selim
517 2341 658 2408 codicem
680 2341 800 2408 habere
823 2341 940 2408 videat
963 2345 1001 2407 in
1024 2356 1055 2409 et
1076 2346 1215 2433 regales
1238 2347 1303 2408 im-

101 2467 268 2554 perinm,
294 2485 358 2528 non
381 2462 497 2527 oidest
521 2465 559 2526 in
582 2474 614 2527 et
633 2463 749 2550 regale
767 2466 801 2527 si
817 2465 1004 2552 imperium
1015 2511 1024 2541 ,
1050 2474 1085 2528 ut
1098 2461 1175 2529 dixit
1187 2464 1301 2531 Maius.

159 2704 228 2770 XL.
255 2706 273 2789 §
298 2708 355 2772 62.
404 2703 457 2770 De
480 2727 547 2792 qno
563 2703 818 2795 progrediente
842 2706 1001 2769 oratione
1019 2704 1130 2769 multa
1154 2727 1206 2770 me
1228 2704 1303 2770 die-

111 2837 230 2893 tnrnm
247 2836 347 2918 puto.
396 2827 458 2893 Pro
481 2828 591 2893 multa
614 2827 718 2916 prima
737 2809 856 2892 manus
874 2824 1003 2892 dederat
1024 2828 1121 2904 nita,
1140 2826 1193 2890 cui
1213 2825 1303 2914 quid·

110 2971 189 3014 nam
221 2947 468 3038 suprascriptum
498 2946 614 3025 luerit,
649 2945 744 3026 latet,
768 2969 842 3012 nam
866 2959 994 3037 praeter.
1011 2946 1110 3011 lineas
1134 2946 1250 3035 quibus
1273 2949 1305 3011 tt

110 3069 298 3147 deleantur,
338 3068 464 3133 nonnisi
501 3067 620 3133 litteras
655 3075 787 3132 ..turn
818 3067 910 3132 licuit
941 3069 975 3132 in
1006 3067 1111 3133 lucem
1146 3090 1303 3136 revocare.

111 3190 217 3257 Maius
234 3190 337 3280 prinae
357 3188 478 3279 legerat
497 3196 667 3266 ventura„
682 3199 753 3259 ,tum
766 3186 917 3274 saturn·
939 3186 993 3253 sed
1013 3189 1142 3254 omnino
1159 3201 1302 3269 nonest,

112 3332 173 3378 cur
203 3309 348 3378 Osannus
383 3310 466 3376 Maio
497 3310 671 3388 irascatur,
694 3331 760 3374 non
781 3309 903 3375 lactum
926 3321 973 3375 est
996 3309 1111 3374 «illius
1136 3310 1230 3400 culpa
1251 3311 1303 3375 in·

110 3432 302 3512 credibilis
326 3443 362 3497 ut
384 3431 528 3497 nondum
550 3430 692 3520 liqueat,
718 3430 796 3520 quid
815 3455 849 3497 re
872 3453 945 3499 rena
965 3430 1209 3511 coderhabeat,
1235 3454 1302 3498 rem

109 3554 316 3647 palimpsesto
347 3550 481 3632 tribuam
515 3553 605 3641 atqui
628 3575 693 3617 non
717 3564 785 3619 crat
808 3574 866 3618 cur
888 3551 950 3617 hoc
974 3551 1085 3618 saltem
1107 3553 1177 3618 loco
1201 3552 1302 3618 Hein-

110 3675 214 3752 richio
237 3697 354 3765 poenas
371 3673 493 3741 dedisse
506 3674 608 3740 Maius
620 3672 787 3740 diceretur.
824 3673 905 3740 Nolo
926 3696 1070 3763 promere
1092 3672 1241 3739 Cebetis.
1257 3673 1299 3742 cl.

112 3798 354 3876 coniecturam,
378 3819 436 3886 pro
462 3815 562 3862 nnus
585 3794 718 3886 legentis
743 3815 872 3874 Pruna,
896 3797 1023 3885 vestigia
1045 3796 1217 3886 scripturae
1230 3819 1301 3862 cor·

111 3918 243 3985 rectoris
266 3939 331 3982 non
354 3916 504 3994 obstant,
529 3917 618 4005 atqui
639 3917 683 3983 sic
706 3917 889 3983 restituatur
913 3916 1010 3982 Tullii
1032 3939 1156 3983 manus.

157 4159 241 4244 Ihid⁴
294 4159 326 4225 T
322 4181 378 4225 nm
410 4162 560 4224 secessio
585 4127 723 4248 plebis,
760 4167 831 4223 tum
859 4181 1015 4249 prorsus
1042 4163 1095 4223 ita
1120 4166 1202 4223 ncta
1218 4160 1299 4249 ple-

110 4298 243 4369 raque,
275 4288 314 4344 nt
343 4282 381 4344 in
405 4280 538 4370 populo
562 4286 678 4343 essent
701 4282 828 4346 omnin.
878 4280 975 4347 Favet
999 4279 1114 4347 Illoseri
1136 4280 1299 4347 coniectu-

111 4424 167 4467 rae
199 4404 412 4467 secessienes
442 4400 595 4490 legentis,
629 4399 714 4489 quod
737 4400 886 4490 equidem
909 4401 1008 4467 solam
1030 4401 1170 4468 litteram
1192 4425 1225 4467 rn
1249 4425 1299 4470 ex-

110 4534 266 4613 punctum
299 4520 432 4588 viderim
466 4523 500 4586 in
535 4523 779 4601 secessionem,
815 4522 868 4588 oui
897 4522 978 4588 forte
1009 4544 1027 4586 s
1055 4524 1299 4614 suprascriptam

113 4641 309 4732 Augustinus
356 4641 538 4721 abscondit,
576 4641 844 4731 quemadmodum
880 4642 938 4708 sub
967 4641 1047 4710 an
1082 4641 1167 4710 illius
1200 4644 1296 4723 latet,
