2946 5182
573 387 834 436 nurnnrrromrs.
1232 375 1298 437 173

111 559 239 627 Iastium
272 559 524 625 observationum
552 560 706 626 rationem
736 560 915 650 percepit.»
961 558 1028 626 Nec
1057 557 1149 624 facile
1180 558 1300 625 absolvi
1400 556 1403 561 ’

112 693 215 772 potest
246 679 347 746 editor
375 693 511 769 quatuor
542 681 695 747 vocabula
726 680 832 746 Paridi
855 679 1035 744 subfuratus
1061 677 1138 768 Gap.
1168 681 1205 743 11
1235 682 1253 765 §
1278 686 1299 746 3

112 804 146 873 in
169 803 238 868 loco
263 801 301 867 de
324 802 463 890 pictore,
490 803 545 891 qui
567 803 642 891 equi
664 802 792 867 naribus
817 823 941 890 spumas
965 813 1000 866 ut
1024 799 1173 893 adiiceret
1185 801 1301 866 frustra

113 936 309 1002 moraretur,
335 935 403 988 tum
428 947 450 986 t<
459 924 505 988 ira
529 947 678 989 aecensus
698 925 861 1014 spongiam
881 921 1027 987 omnibus
1047 921 1193 986 inbutam
1214 922 1301 987 colo·

113 1045 200 1110 ribus
219 1045 321 1132 forte
344 1047 446 1109 iaxta
471 1067 508 1108 se
524 1049 682 1134 positam
707 1043 892 1133 adprendit,
918 1056 949 1108 et
971 1042 1070 1108 veluti
1094 1055 1300 1132 corrupturus

114 1189 192 1256 opus
221 1189 331 1244 suum,
363 1165 491 1231 tabulae
519 1166 649 1231 inmisit.
700 1166 839 1231 Fortuna
871 1163 910 1228 ad
936 1165 1017 1253 ipsas
1040 1164 1114 1252 equi
1137 1186 1228 1228 nares
1252 1163 1301 1229 di·

114 1299 252 1366 rectam,
277 1285 467 1352 desiderium
479 1287 607 1376 pictoris
629 1287 730 1376 coegit
742 1287 904 1376 explere.»
929 1286 1016 1350 Haec
1030 1283 1138 1351 eadem
1151 1285 1302 1373 leguntur

115 1407 198 1498 apud
234 1407 340 1473 Valer.
378 1406 475 1485 VIII,
516 1409 553 1471 11
593 1408 664 1473 1111.
699 1411 716 1492 §
751 1411 783 1472 7.
833 1406 937 1473 Simili
960 1407 1081 1472 ratione
1105 1403 1303 1471 reddendum

115 1542 161 1595 est
191 1528 381 1594 vocabulum
414 1527 622 1593 abbreviatori
653 1527 724 1592 Lib.
750 1526 817 1605 IX,
845 1524 922 1616 Cap.
951 1531 966 1590 1
995 1529 1012 1612 §
1037 1530 1079 1607 9,
1105 1527 1221 1616 quippe
1246 1527 1302 1614 qui

115 1674 153 1717 ex
183 1650 309 1715 Valerio
341 1648 404 1727 IX,
438 1652 452 1712 1
487 1649 558 1714 Ext.
591 1654 608 1736 §
636 1650 650 1711 1
678 1646 812 1713 dedisset
836 1648 1020 1713 «invictum
1044 1651 1156 1712 armis
1180 1647 1304 1712 Hanni-

116 1771 222 1836 balem
257 1768 296 1834 ad
332 1792 477 1834 somnum
511 1768 696 1834 deliciarum
732 1768 905 1834 resolutum
939 1791 1042 1833 esse.»
1090 1769 1159 1833 Hoc
1194 1766 1305 1833 eodem

118 1891 222 1980 capite
249 1895 266 1978 §
294 1892 331 1954 11
365 1888 533 1954 ridiculum
556 1888 631 1978 quid
651 1888 792 1954 exhibuit
811 1889 931 1968 Maius,
953 1900 988 1953 ut
1007 1888 1100 1954 facilc
1121 1887 1304 1978 apparebit,

118 2035 221 2101 quum
244 2011 357 2076 omissa
380 2010 590 2099 suppleverim
614 2033 651 2075 er
675 2008 802 2088 codice,
829 2032 910 2098 quae
933 2009 1010 2074 item
1034 2007 1117 2098 apud
1143 2008 1306 2075 Valerium

118 2133 185 2211 IX,
220 2135 234 2196 1
272 2132 343 2197 Ilrt.
378 2135 396 2196 4
424 2131 592 2220 leguntur:
643 2129 869 2196 «Antiochum
900 2128 1010 2216 Syriae
1034 2153 1140 2218 regem
1166 2130 1306 2194 imitatus

117 2255 151 2319 in
175 2253 298 2318 luxuria
327 2252 480 2317 exercitus
506 2263 652 2340 argentea
678 2274 747 2316 rasa
769 2249 819 2313 ad
840 2273 938 2314 usum
963 2251 1101 2313 culinae
1125 2272 1306 2338 compara-

117 2378 170 2438 vit
206 2383 240 2437 et
273 2373 499 2437 tabernacula
533 2371 693 2436 textilibus
728 2368 836 2459 sigillis
871 2368 1072 2434 adornavit.»
1128 2369 1195 2436 Nec
1231 2393 1308 2459 opus

117 2507 184 2574 est,
223 2507 258 2559 ut
297 2517 370 2559 cum
411 2494 494 2557 Maio
537 2491 738 2557 detrahamus
780 2491 979 2580 epitomatori
1013 2489 1132 2555 dictum
1166 2490 1308 2576 Tomyris

118 2616 242 2682 etiamsi
275 2613 433 2680 crudelius
467 2610 544 2702 Cap.
584 2615 623 2678 10
654 2615 671 2697 §
704 2617 744 2690 3,
776 2634 857 2701 quae
891 2621 1018 2700 «caput
1049 2607 1124 2698 Cyri
1150 2611 1182 2674 in
1205 2623 1308 2676 utrem

117 2738 259 2803 humano
288 2735 440 2824 sanguine
463 2732 620 2823 repletum
641 2732 758 2797 dimitti
781 2732 885 2810 iussit,
912 2730 1128 2821 exprobrans
1153 2735 1187 2795 ei
1209 2735 1309 2795 insa·

120 2861 276 2924 tiabilem
312 2877 511 2932 cruorem,·»
546 2853 616 2920 ride
651 2852 757 2918 Valer.
796 2851 861 2932 IX,
901 2854 942 2917 10
976 2851 1046 2917 1111.
1073 2855 1090 2935 §
1118 2853 1148 2914 1.
1197 2850 1309 2941 Capite

123 2984 184 3058 12,
211 2977 295 3068 quod
319 2978 366 3043 De
389 2976 542 3042 mortibus
565 2998 629 3039 non
653 2974 833 3063 vulgaribus
856 2973 1060 3052 inscribitur,
1087 2974 1104 3057 §
1131 2976 1149 3037 4
1174 2972 1309 3062 gaudeat

121 3103 154 3166 in
183 3110 343 3189 posterum
374 3097 535 3162 Iuventius
560 3118 615 3161 suo
640 3096 844 3185 praenomine
868 3095 922 3160 M.
936 3144 944 3173 ,
971 3094 1012 3159 cf.
1039 3092 1146 3158 Valer.
1173 3093 1240 3173 IX,
1268 3098 1308 3160 12

122 3225 139 3308 §
172 3227 204 3288 3.
254 3220 398 3306 lienique
420 3217 495 3282 huic
519 3217 704 3281 omissorum
728 3217 818 3281 seriei
840 3215 912 3280 finis
937 3215 1119 3304 imponatur
1139 3215 1307 3281 inserendo

123 3341 201 3433 (lap.
235 3346 274 3407 14
308 3342 325 3425 §
361 3343 380 3402 1
411 3339 444 3403 in
468 3338 537 3404 loco
562 3338 704 3427 Dionysii
728 3349 854 3426 «atque
877 3341 982 3401 etiam
1007 3335 1224 3403 cubicularem
1247 3337 1309 3403 lec·

119 3465 191 3531 'tum
222 3462 285 3528 lata
313 3463 392 3526 fossa
425 3460 566 3540 cinxit,>›
598 3473 633 3526 ut
658 3460 773 3548 legitur
802 3461 837 3524 iu
868 3459 977 3525 codice
1008 3471 1040 3523 et
1073 3457 1143 3522 Val.
1175 3457 1241 3536 IX,
1269 3460 1309 3523 13

124 3587 195 3650 Eut.
223 3588 241 3670 §
268 3587 298 3649 4.

168 3705 345 3771 Redeamus
366 3702 404 3767 ad
427 3703 643 3780 collationem,
669 3702 759 3768 cuius
783 3724 841 3790 ope
865 3723 901 3765 ex
925 3699 1035 3764 ordine
1060 3697 1222 3764 emendari
1233 3708 1307 3788 pot-

123 3840 169 3895 est
201 3827 288 3892 Paris
311 3836 417 3888 noster
440 3823 511 3889 Lib.
537 3823 587 3900 II,
614 3820 693 3911 Gap.
722 3825 736 3886 1
765 3825 782 3907 §
809 3824 869 3899 30,
894 3820 949 3885 ubi
973 3818 1130 3885 notandus
1158 3841 1308 3885 numerus

123 3970 278 4015 annorum
302 3969 323 4009 «
335 3944 509 4023 DLVIIII,
531 3968 588 4035 per
612 3966 690 4032 qnos
713 3956 837 4010 senatus
857 3940 974 4031 populo
992 3941 1107 4006 mixtus
1119 3944 1309 4030 spectarit.»

123 4068 267 4133 Valerius
299 4067 384 4132 enim
414 4065 511 4131 habet
535 4066 754 4154 «quingentos
778 4076 810 4128 et
834 4063 1064 4153 quinquaginta
1088 4075 1205 4141 octo,»
1230 4086 1311 4151 quo-

123 4213 195 4255 cum
227 4187 394 4276 respondet
416 4187 536 4277 primae
560 4209 672 4250 manus
696 4186 868 4273 scriptura:
896 4183 1012 4255 burm.
1060 4181 1212 4248 Similiter
1236 4205 1311 4247 cum

124 4311 250 4376 Valerio
286 4308 385 4386 VIII,
424 4314 464 4375 13
501 4309 573 4374 En.
611 4313 629 4396 §
667 4312 684 4372 5
721 4306 879 4395 conspirat
903 4305 989 4369 Paris
1014 4303 1109 4383 VIII,
1138 4305 1178 4367 la
1204 4308 1221 4389 §
1251 4308 1311 4380 13,

123 4431 295 4498 dummodo
329 4454 386 4521 per
410 4429 562 4496 editorem
586 4429 724 4495 licuisset
746 4451 803 4518 pro
831 4445 982 4492 CLXVII!
1003 4425 1174 4514 genuinam
1194 4422 1310 4488 codicis

125 4553 311 4643 scripturam
347 4552 451 4642 legere
490 4570 614 4630 erm,
651 4550 684 4615 id
719 4563 765 4616 est
801 4559 948 4638 «septem
972 4559 1003 4612 et
1028 4544 1258 4635 quinquaginta
1280 4555 1313 4609 et

125 4687 251 4741 centum
266 4697 363 4742 annos
377 4674 484 4739 risisse
499 4672 719 4761 Epimenidem
733 4669 884 4738 Gnosium
897 4693 930 4748 ,n
944 4681 977 4733 ut
990 4679 1036 4734 est
1046 4666 1128 4756 apud
1139 4664 1311 4733 Valerium.
