2946 5182
408 372 472 418 aa.
499 351 541 416 11.
570 355 587 436 s
612 356 675 430 aa,
703 357 763 431 ar,
790 352 940 423 69.111.
969 357 986 440 a
1014 358 1063 418 1s.
1288 355 1329 416 aa

186 539 267 609 ibid.
316 541 377 608 Sic
410 562 452 603 ear
487 545 629 607 summis
662 551 696 606 et
732 542 864 629 infimis
902 552 937 606 et
972 541 1099 607 mediis
1132 543 1330 608 interiectis

138 662 345 743 ordinibus,
380 672 419 727 ut
452 668 570 743 sonis,
606 662 788 727 moderata
824 666 964 726 ratione
998 667 1128 727 ciuitas
1163 684 1331 728 consensu

139 783 460 850 dissimillimorum
480 786 642 850 conciuit.
690 783 792 848 Maius
813 782 899 848 addit
920 781 1064 848 codicem
1083 781 1201 849 habere
1221 795 1331 848 contra

141 903 314 994 Augustini
351 904 503 971 editiones
545 904 673 970 mediis
717 912 751 969 et
795 907 1017 984 interiectis;
1061 903 1114 970 sed
1156 903 1333 970 notandum
1424 900 1427 917 ¹

139 1038 190 1092 est
234 1038 398 1117 praeterea
432 1050 498 1092 non
529 1027 592 1116 legi
627 1027 660 1091 in
696 1025 777 1091 libro
816 1026 971 1092 Vaticano
1007 1035 1041 1090 et
1075 1025 1222 1105 mediis,
1258 1049 1333 1091 nam

138 1149 264 1237 primae
306 1171 418 1213 manus
461 1149 616 1238 scriptura
661 1148 757 1235 infim
778 1144 783 1236 Ι
805 1149 839 1211 is
863 1146 990 1210 mediis
1028 1159 1168 1212 correcta
1210 1159 1257 1213 est
1298 1146 1332 1210 in

140 1270 275 1357 infimis
295 1266 301 1358 Ι
322 1269 513 1347 ..mediis,
537 1270 601 1333 iam
624 1291 689 1333 non
713 1279 759 1333 est
783 1290 840 1333 cur
863 1290 937 1333 cum
960 1266 1042 1332 Maio
1062 1267 1212 1333 audacter
1231 1290 1332 1357 pona-

139 1413 214 1455 mus
236 1390 388 1479 scriptum
411 1413 477 1456 esse
506 1399 559 1468 et,
584 1388 641 1455 ubi
663 1389 787 1454 litterae
812 1393 845 1452 ia
869 1411 976 1454 erasae
997 1401 1081 1453 sunt.

190 1509 385 1600 Subscriptio
408 1510 482 1575 libri
501 1509 632 1575 secundi
652 1509 752 1598 qualis
772 1509 888 1588 fuerit,
910 1509 945 1573 in
965 1510 1141 1599 scripturae
1160 1510 1332 1598 specimine

141 1653 273 1697 cernere
316 1630 408 1710 licet,
457 1631 579 1696 etiamsi
617 1629 703 1696 haud
745 1630 789 1694 ita
829 1641 975 1695 accurate
1014 1631 1126 1711 inciso,
1170 1654 1244 1695 nam
1286 1631 1334 1695 illi

139 1752 246 1820 forma
276 1753 408 1818 crassior
444 1763 490 1816 est
530 1773 626 1840 quam
660 1751 695 1814 in
729 1750 858 1828 codice,
896 1750 997 1819 solent
1031 1752 1117 1816 enim
1152 1751 1185 1816 in
1220 1751 1332 1817 litteris

140 1875 267 1940 rusticis
292 1897 369 1963 quas
390 1872 520 1952 dicunt,
545 1872 680 1939 lineolae
704 1884 809 1938 rectae
832 1873 991 1938 tenuiores
1016 1896 1092 1939 esse.
1141 1873 1223 1939 Tum
1246 1896 1334 1939 error

140 2007 275 2084 apparet
305 1996 339 2059 in
369 1995 437 2084 ipsc
468 1993 581 2072 titulo,
614 2016 688 2058 nam
717 1993 752 2056 in
781 1993 890 2058 tabula
922 2011 1015 2059 nutu
1051 1992 1187 2083 legitur,
1223 2015 1332 2060 uerum

141 2112 252 2182 Codex
282 2114 379 2180 habet
410 2134 528 2194 ruunt,
563 2115 648 2203 quod
671 2113 806 2179 editores
830 2115 954 2180 etiamsi
978 2138 1042 2179 non
1066 2115 1218 2204 scriptum
1246 2114 1333 2203 lege-

138 2237 234 2304 bant.
283 2236 379 2302 Porro
403 2235 527 2302 brevior
549 2237 608 2301 ista
630 2236 766 2314 lineola,
793 2259 874 2325 quac
892 2237 925 2301 in
947 2236 1052 2302 littera
1072 2256 1091 2302 n
1109 2235 1213 2302 media
1230 2248 1333 2300 trans-

139 2381 235 2424 versa
265 2371 383 2438 exstat,
417 2371 447 2424 et
472 2370 558 2423 recte
581 2357 748 2423 exhibetur
770 2358 803 2422 in
830 2376 938 2422 cluna.
962 2369 993 2423 et
1019 2376 1138 2438 iluna,
1162 2358 1266 2423 omisit
1290 2358 1332 2434 is,

121 2479 201 2570 qui
224 2477 352 2558 incidit,
377 2479 410 2543 in
435 2477 564 2566 reliquis
587 2497 630 2543 nn
655 2497 697 2542 nn
721 2497 750 2543 P.
776 2489 808 2542 et
825 2497 899 2542 uxr.
949 2475 1031 2543 Sunt
1051 2479 1194 2556 minora,
1214 2478 1332 2557 fateor,

136 2598 198 2664 sed
222 2598 387 2665 offendunt
410 2599 443 2663 in
466 2621 562 2688 parvo
587 2598 760 2687 scripturae
784 2598 975 2686 specimine,
996 2599 1080 2687 quod
1100 2599 1332 2687 nullanegotia

137 2720 322 2789 accuratius
346 2743 378 2785 se
401 2719 518 2786 habere
542 2731 656 2809 posset.

631 3205 760 3302 nana
784 3207 844 3272 nr.

190 3453 250 3521 xl.
286 3454 303 3536 §
339 3454 391 3516 18.
440 3449 532 3515 lt’sse
564 3452 652 3512 euim
685 3451 746 3512 hoc
776 3449 854 3512 boui
885 3452 959 3512 viri
985 3459 1019 3513 et
1047 3452 1154 3528 iusti,
1181 3449 1334 3514 tribuere

136 3577 185 3643 id
219 3576 360 3660 cuique,
393 3570 486 3658 quod
519 3572 568 3633 sit
599 3592 731 3657 quoque
756 3568 907 3657 dignum.
958 3569 1018 3634 Pro
1043 3574 1165 3658 cuique
1190 3569 1335 3636 Osannus

137 3697 327 3785 «quoique
367 3691 503 3757 scribere
537 3713 601 3754 non
636 3688 823 3768 haesitavit,
861 3713 956 3778 qnam
993 3689 1117 3757 Codicis
1148 3693 1336 3781 scripturam

138 3816 267 3884 scilicet
298 3814 447 3878 reiectam
478 3835 516 3877 ec
545 3811 679 3877 certiore
708 3811 777 3875 iure
809 3812 962 3889 servavit,
989 3834 1052 3899 quo
1076 3811 1227 3901 liquidius
1250 3836 1336 3879 nunc

139 3947 290 4013 constet,
329 3957 366 3999 ea
405 3932 469 3999 sola
508 3932 609 3997 forma
642 3930 828 3997 Ciceronem
861 3932 1071 4021 aequalesque
1104 3956 1174 3997 usos
1198 3956 1284 4012 esse,
1318 3958 1335 3999 a

138 4069 272 4127 nostrae
301 4054 410 4119 aetatis
441 4053 623 4119 hominibus
653 4053 759 4118 nescio
790 4075 853 4140 quo
884 4053 1009 4118 fastidio
1042 4066 1164 4142 spreta,
1195 4056 1253 4120 etsi
1283 4054 1335 4121 hic

138 4183 236 4247 locus
268 4177 301 4240 in
332 4174 381 4238 his
412 4172 569 4239 Ciceronis
600 4172 687 4236 libris
719 4173 832 4236 unicus
863 4185 926 4250 est,
952 4197 1014 4262 quo
1039 4175 1177 4264 genarina
1201 4177 1336 4241 auctoris

133 4321 261 4374 ‚manus
297 4308 365 4362 tuta
403 4295 463 4360 fuit
500 4277 517 4358 a
553 4305 768 4359 correctorum
798 4294 987 4383 importunis
1018 4295 1335 4385 interpolationibus,

140 4425 288 4513 ipsorum
320 4419 429 4484 aetatis
461 4416 537 4506 quid
565 4439 638 4481 usus
667 4416 785 4496 ferret,
819 4417 953 4506 pessimo
979 4417 1122 4506 exemplo
1147 4417 1337 4484 substituen-

141 4545 267 4610 tium.»
314 4539 397 4606 Proh
428 4538 536 4617 dolor,
569 4538 688 4603 nubem
719 4559 776 4626 pro
808 4536 930 4602 Iunone
964 4539 1126 4628 amplexus
1156 4552 1203 4604 est
1226 4539 1337 4604 doctus

143 4665 268 4742 editor,
301 4684 341 4731 ne
369 4661 481 4728 unicus
515 4658 643 4749 quidem
667 4659 758 4726 hicce
781 4660 869 4726 locus
895 4659 1086 4750 subterfugit
1110 4661 1241 4727 istorum
1266 4659 1339 4726 dili·

1152 4785 1168 4836 l
