2926 5182
543 357 713 404 xxcrmurs
737 355 910 402 rxurnrxs.
1253 341 1317 402 215

133 536 254 626 primus
286 529 292 620 Ι
323 530 408 595 venit
476 528 556 593 uidit
625 531 687 613 §6
724 520 877 592 coccineis
945 525 1080 591 coccinis
1107 522 1113 614 Ι
1137 522 1319 621 1111111111-

136 678 197 744 que
217 653 330 717 fierent
400 648 596 737 alacriorque
617 648 707 713 fieret
727 645 733 737 Ι
754 657 989 736 cognoscerent.
1060 659 1272 735 cognosceret.
1295 645 1301 736 Ι

136 785 293 842 ceromate
362 782 452 836 cocta
472 768 478 858 Ι
498 769 655 858 Capillum
677 807 723 816 -
745 767 913 833 faciebant.
978 775 1064 858 post
1094 770 1187 854 Ι16.
1257 771 1318 857 Ι7

135 895 287 962 confectis
355 904 387 957 et
410 890 495 956 mitti
562 892 624 977 §8
660 889 781 953 cunctis
850 888 959 953 cuucis
990 884 995 976 Ι
1026 889 1217 977 ingeniosius
1270 889 1321 953 in-

136 993 269 1101 gnuolus
339 1015 356 1096 §
381 1015 402 1075 9
438 1008 578 1074 conciliis
648 1006 784 1071 consiliis
813 1005 820 1094 Ι
853 1005 957 1070 Bonos
1025 1006 1062 1072 A
1091 1010 1195 1071 linea.
1228 1005 1234 1097 Ι
1266 1029 1321 1073 co·

136 1133 292 1199 sonabant
360 1130 487 1221 publice
519 1126 713 1194 coronabant
752 1125 758 1218 Ι
795 1127 909 1192 Pericli
976 1127 1073 1208 piculi
1103 1126 1109 1218 Ι
1141 1128 1322 1194 servitutem

137 1253 344 1320 revocabatur
423 1252 576 1316 seruitute
622 1247 815 1315 reuocabant
896 1253 987 1336 §13
1023 1248 1144 1338 gladius
1214 1250 1323 1315 clauus

139 1379 156 1460 §
185 1377 225 1439 16
250 1374 362 1463 hospes
430 1372 528 1437 hostis
597 1374 681 1458 §20
705 1369 839 1459 puberes
907 1368 1007 1458 pubes
1037 1367 1043 1459 Ι
1076 1382 1148 1435 ante
1171 1371 1322 1436 miliciam

137 1495 188 1560 od
221 1518 289 1582 seq.
326 1499 344 1581 §
371 1495 508 1583 pertin.
589 1497 607 1579 §
643 1495 685 1557 23
731 1491 819 1580 luget
898 1488 1008 1579 lugent
1079 1493 1163 1575 §25
1190 1504 1323 1579 quaestu

139 1629 285 1707 questum
316 1614 322 1705 Ι
353 1615 501 1683 foeditate
570 1612 701 1679 seditate

183 1735 259 1828 Cap.
295 1740 335 1802 16
367 1741 385 1825 Ι
410 1738 425 1801 1
464 1735 670 1801 Numantiam
739 1733 915 1800 numatiam
947 1730 954 1820 Ι
983 1732 1052 1797 lixis
1079 1757 1096 1798 e
1165 1733 1267 1800 lixisse
1298 1734 1304 1824 Ι

140 1870 288 1946 aequaret
356 1868 544 1945 exaequaret
612 1859 673 1942 Ι2
716 1853 824 1920 Sicilia
892 1854 1023 1919 siliciam
1054 1852 1061 1942 Ι
1093 1854 1325 1920 Taurominita-

139 2002 214 2045 nam
281 1977 526 2042 tauromitanam
560 1973 566 2066 Ι
598 1976 803 2065 fugitivorum
871 1974 1044 2064 fugitiuaru
1112 1981 1130 2063 Ι
1156 1980 1174 2041 4
1203 1978 1326 2066 percuti

139 2098 255 2188 perditi
332 2100 348 2186 Ι
386 2104 404 2163 5
453 2096 615 2163 discedens
691 2094 883 2161 descendens
926 2093 933 2185 Ι
976 2095 1102 2162 Mallius
1170 2120 1327 2186 regressus

141 2219 267 2285 mallius
338 2221 355 2303 Ι
382 2222 401 2282 7
450 2217 558 2282 adfixit
625 2218 728 2282 afrixit
797 2219 858 2302 §9
901 2229 1098 2306 pugnantem
1165 2231 1327 2307 pugnante

143 2346 161 2427 Ι
193 2343 234 2404 10
257 2362 336 2405 nere
404 2361 486 2404 neue
511 2339 564 2404 uel
591 2336 598 2426 Ι
631 2337 748 2403 rediret
816 2336 955 2407 redirent
986 2335 991 2426 Ι
1023 2338 1110 2404 Haec
1179 2339 1213 2404 iu
1248 2340 1327 2406 haec

142 2465 160 2548 §
197 2466 233 2525 11
273 2458 368 2524 adfici
436 2458 520 2523 affixi
587 2463 605 2545 §
643 2460 683 2522 13
720 2457 861 2544 quamvis
931 2480 1026 2547 quam
1096 2465 1113 2546 §
1147 2461 1187 2524 14
1222 2459 1328 2525 Clear-

144 2581 221 2647 chus
289 2579 462 2646 Crearchus
493 2576 499 2667 Ι
530 2578 653 2644 hostem
720 2577 810 2645 hoste
880 2582 963 2667 §15
1000 2579 1038 2644 ad
1107 2581 1140 2643 in

187 2701 260 2791 Gap.
296 2704 335 2767 17
369 2707 386 2790 Ι
417 2705 437 2766 3
474 2697 617 2789 Opimius
686 2699 820 2789 opimius
852 2700 972 2765 fuluius
1003 2698 1009 2789 Ι
1040 2699 1119 2766 alter
1188 2701 1267 2766 altcr
1295 2702 1328 2767 id

143 2835 189 2888 est
212 2823 346 2912 opimius
377 2819 383 2912 Ι
415 2820 607 2911 Fregellanis
675 2820 855 2910 fregellanis
923 2825 986 2908 §4
1018 2822 1121 2887 minus
1189 2824 1283 2888 inuiti

188 2943 263 3034 Gap.
301 2947 341 3009 18
372 2948 390 3031 §
424 2946 438 3007 1
476 2942 573 3009 deleti
600 2944 633 3007 in
658 2943 792 3008 aerarios
862 2941 977 3009 delecti
1000 2955 1032 3010 et
1055 2944 1189 3011 inerario
1221 2944 1228 3036 Ι
1260 2946 1329 3011 abi·

144 3078 245 3131 turos.
313 3063 486 3129 habituros.

189 3186 264 3276 Cap.
294 3189 333 3250 19
359 3189 420 3270 §b
457 3185 569 3276 agebat
621 3185 748 3275 ‘egebat
768 3183 773 3275 Ι
796 3185 887 3272 Quod
911 3209 985 3252 cum
1009 3186 1104 3253 duces
1150 3189 1187 3255 A
1208 3190 1328 3254 linea:

146 3308 237 3395 Quod
262 3330 399 3396 cumque
422 3307 517 3372 duces
549 3305 553 3396 Ι
586 3307 675 3373 Laeti
698 3330 735 3372 ac
757 3306 843 3373 beati
865 3319 934 3372 tum
957 3307 1095 3396 denique
1163 3323 1195 3376 et
1217 3311 1272 3377 leti
1293 3332 1330 3375 ao

146 3402 287 3493 11111ῑὲ

191 3549 265 3637 (lap.
293 3553 335 3614 20
362 3552 420 3636 ΙΙ
460 3547 535 3614 Cato
605 3548 693 3616 Idem
718 3561 787 3614 cato
820 3547 825 3639 Ι
858 3549 935 3638 quin
1005 3550 1060 3637 qui
1130 3551 1332 3638 §2potitus

145 3682 259 3757 pontus
328 3675 388 3757 §3
423 3671 568 3760 protexit.
638 3670 783 3759 protexit.

191 3791 265 3880 Cap.
304 3793 342 3854 21
381 3796 398 3877 Ι
436 3796 449 3855 1
499 3790 604 3856 Cocles
674 3791 769 3869 cohes
800 3788 807 3880 Ι
838 3791 972 3855 Romam
1041 3787 1163 3856 romani
1197 3789 1201 3880 Ι
1234 3790 1332 3857 subli-

147 3914 231 3977 cium
263 3911 383 3978 Tiberis
452 3911 645 3977 subsilicium
680 3910 798 3977 tiberus
830 3909 836 4001 Ι
866 3924 936 4001 post
959 3924 1084 4000 tergum
1153 3911 1277 3978 leonem
1308 3911 1313 4002 Ι

147 4034 328 4123 superiactis
362 4032 432 4098 telis
467 4032 586 4098 meauit
655 4032 829 4122 superiecta
864 4033 927 4098 tela
962 4032 1077 4096 mtauit
1144 4037 1206 4120 §2
1246 4033 1333 4099 Haec

147 4154 238 4220 hurce
270 4153 275 4244 Ι
303 4155 467 4220 innatavit.
545 4155 710 4221 innotavit.
735 4152 739 4244 Ι
760 4155 878 4245 quippe
913 4154 1091 4220 Porsennae
1161 4153 1237 4242 quid
1260 4178 1333 4244 per·

147 4298 242 4341 senne
274 4273 278 4364 Ι
310 4277 340 4340 ei
407 4276 473 4341 eius
542 4280 603 4363 §3
650 4275 755 4341 nixam
807 4276 922 4340 'rixam
992 4279 1053 4364 §4
1094 4297 1167 4340 cum
1192 4274 1256 4338 sola
1279 4298 1333 4340 arx

148 4410 178 4461 et
225 4396 412 4463 consolatrix
436 4421 472 4462 ex
503 4395 507 4485 Ι
540 4396 588 4461 his
613 4396 746 4462 collibus
792 4397 930 4487 hispanis
958 4395 963 4486 Ι
992 4397 1108 4463 tutiora
1154 4395 1287 4461 tuiciora

576 4641 904 4675 -Θθθθῢ-
