2946 5182
145 363 187 424 34
522 373 640 419 cronno
665 373 708 419 ou
732 374 773 421 ar
799 374 952 421 runnrcr.

142 559 250 638 specto
272 545 410 611 minutas
428 541 582 609 littemlas
607 564 666 611 ren
688 544 891 634 praecedeuti
914 545 1017 611 versui
1035 545 1069 610 in
1088 545 1232 635 margine
1254 544 1334 610 sub-

141 668 256 748 iunxit;
290 668 440 756 fugerunt
470 679 680 734 correctorem
711 667 774 733 sive
803 689 908 733 erasae
939 666 1003 733 sive
1026 667 1204 744 tenuiores,
1230 679 1264 733 et
1288 667 1334 733 sio

142 789 269 861 easdam
306 787 521 878 superaddidit
551 788 664 856 litteris
693 792 748 855 tia
778 789 812 854 in
842 811 934 856 versu
964 801 1127 878 sequente
1176 786 1335 855 Similiter

142 909 223 975 libro
244 908 287 975 II.
310 910 328 992 §
353 910 372 972 2
396 929 433 972 er
457 925 516 996 qur
532 906 654 973 iactum
674 920 721 973 est
745 926 855 996 quau,
880 907 964 997 quod
988 921 1056 975 tum
1079 909 1124 975 ita
1147 908 1242 977 errat
1258 930 1334 975 cor·

141 1042 266 1109 rector,
291 1041 326 1094 ut
346 1040 620 1117 qurnuncrestet
648 1028 768 1095 Eodem
779 1028 874 1095 modo
886 1029 960 1097 lrbrr
972 1031 1016 1097 II
1032 1034 1109 1116 §26
1115 1027 1334 1122 petroselino

141 1153 198 1219 ubi
219 1150 400 1241 legebatur,
425 1150 546 1238 primae
570 1153 586 1214 i
608 1150 819 1239 suprascripta
842 1163 889 1217 est
907 1150 1012 1218 littera
1032 1175 1068 1231 o,
1090 1175 1153 1241 qna
1171 1152 1211 1218 ab
1229 1153 1333 1221 altera

140 1295 240 1341 manu
270 1272 334 1338 sive
364 1257 508 1360 neglecta
539 1270 603 1337 sive
633 1292 697 1335 non
730 1269 832 1349 lecta,
859 1291 879 1338 n
904 1273 987 1338 facta
1010 1286 1057 1339 est
1079 1295 1116 1339 er
1139 1292 1192 1351 01,
1216 1296 1333 1364 super·

140 1395 265 1465 additae
295 1403 370 1459 suut
398 1409 439 1458 oc
471 1402 504 1457 et
533 1409 565 1470 1,
597 1402 628 1458 et
657 1403 813 1482 expuncta
835 1393 869 1458 in
892 1394 1038 1482 sequenti
1060 1416 1152 1460 versu
1174 1395 1333 1463 termina·

140 1517 247 1594 tione,
274 1513 443 1579 subiuncta
467 1524 514 1580 est
536 1511 643 1579 littera
666 1535 684 1577 o
707 1513 742 1578 in
765 1514 908 1604 margine
931 1513 1160 1604 praecedentis.
1208 1512 1333 1583 Contra

140 1660 205 1703 nou
227 1635 337 1714 rideo,
362 1658 420 1701 cur
442 1633 541 1700 altera
565 1657 677 1700 manns
700 1633 775 1701 libri
801 1634 844 1701 ΙΙ.
871 1636 889 1720 §
914 1639 958 1701 30
983 1658 1050 1700 non
1073 1636 1334 1726 suprascripserit

140 1757 294 1825 vocabulo
309 1756 487 1845 fortuito,
511 1778 587 1821 narn
605 1755 771 1845 legebatur
790 1756 909 1845 optime
925 1768 1050 1824 exarata
1072 1757 1209 1847 negatio.
1246 1756 1332 1823 Tum

139 1878 281 1948 eiusdem
311 1877 385 1943 libri
416 1880 435 1962 §
467 1879 506 1942 31
540 1898 595 1942 suo
627 1877 697 1941 loco
720 1875 926 1943 interlineas
950 1877 1203 1968 adscriptasuut
1227 1882 1333 1967 isque

140 2001 183 2068 de
218 2002 366 2089 imperio
397 2020 478 2076 suo,
513 1996 667 2087 exemplo
698 1995 855 2085 Pompili
885 2022 903 2062 a
933 2000 1037 2088 prima
1067 2022 1166 2065 manu
1196 2000 1329 2080 omissa;

140 2133 236 2210 atque
263 2141 389 2210 prorsus
419 2116 531 2184 eudem
561 2118 594 2183 in
625 2117 689 2183 ima
719 2117 834 2207 pagina
865 2118 1026 2208 leguntur.
1075 2117 1199 2185 Ibidem
1232 2122 1252 2205 §
1285 2124 1332 2189 48

138 2241 330 2310 vocabulum
359 2241 512 2303 invisior
534 2237 569 2303 in
590 2260 714 2305 summa
738 2239 854 2328 pagina
873 2239 997 2307 iteravit
1016 2241 1173 2307 recentior
1190 2263 1330 2322 manna,

139 2362 263 2433 etiamsi
293 2372 378 2427 recte
409 2381 465 2426 suo
495 2358 565 2424 loco
596 2359 631 2423 in
657 2370 746 2429 tortu
776 2370 889 2439 erstat3
922 2358 1000 2425 latet
1022 2358 1116 2427 huius
1139 2363 1186 2429 rei
1210 2384 1330 2445 eausa,

139 2484 200 2551 nisi
226 2483 308 2549 forte
330 2481 431 2546 forma
452 2480 656 2570 comparativi
680 2478 825 2546 Ciceroni
846 2477 933 2544 baud
955 2479 1001 2544 ita
1020 2502 1091 2547 rara
1110 2480 1239 2547 librario
1259 2483 1330 2550 lec-

138 2605 237 2670 torire
284 2600 422 2667 notanda
464 2601 528 2666 visa
564 2601 614 2669 sit.
674 2599 766 2687 Quod
800 2623 887 2667 nuuc
921 2599 1038 2689 legitur
1071 2603 1090 2686 §
1126 2605 1168 2669 52
1203 2602 1329 2673 ibidem

138 2746 261 2792 carere
293 2745 374 2814 rege
403 2745 440 2789 er
470 2720 591 2812 duplici
622 2721 816 2787 correctione
847 2719 956 2785 elicuit
988 2719 1110 2799 editor,
1140 2744 1216 2789 nam
1239 2723 1330 2812 quod

137 2848 276 2938 primum
306 2840 545 2934 canelrereges
573 2853 662 2919 erat,
694 2863 734 2906 re
768 2840 978 2931 suprascripta
1006 2841 1130 2909 litterae
1153 2866 1197 2921 n,
1220 2866 1329 2933 puuc-

136 2968 241 3056 tisque
271 2978 379 3032 notata
410 2965 509 3030 altera
539 2960 660 3049 syllaba
688 2983 747 3040 re,
780 2983 931 3049 erasoque
962 2985 1000 3041 o,
1032 2985 1098 3028 non
1125 2963 1248 3031 factum
1279 2979 1328 3034 est

138 3109 261 3155 carere
290 3109 372 3176 rege
401 3084 462 3150 nisi
492 3083 603 3173 spretis
632 3083 771 3172 punctis.
819 3081 965 3172 Denique
996 3085 1014 3168 §
1048 3088 1092 3153 54
1115 3084 1240 3154 litterae
1263 3108 1325 3165 oe,

139 3230 221 3297 quae
244 3206 435 3275 deficiebant
457 3205 491 3270 in
515 3226 598 3269 neue
620 3204 822 3268 verberaret
842 3202 890 3267 bis
914 3201 1039 3271 additae
1063 3218 1147 3270 sunt.

184 3448 265 3516 lbid.
316 3446 482 3512 Potestas
507 3455 560 3510 est
584 3467 626 3509 ex
647 3454 807 3535 tempore.
843 3445 975 3511 Dubitat
993 3446 1095 3535 Maius
1114 3451 1326 3518 correxeritue

140 3572 237 3639 altera
260 3592 373 3636 manus
397 3573 435 3633 in
460 3577 629 3658 tempore,
660 3578 691 3632 et
714 3588 747 3632 re
770 3588 844 3632 rera
867 3580 1043 3634 cernuntur
1054 3569 1244 3639 lineolarum
1255 3594 1326 3638 res·

139 3693 216 3783 tigia
247 3691 404 3782 quaedam
436 3688 602 3765 crassiora,
640 3709 722 3775 quae
756 3709 832 3752 eave
866 3711 924 3777 pro
958 3688 1070 3755 litteris
1101 3693 1136 3756 rit
1167 3692 1325 3782 accipias,

138 3837 215 3882 nam
245 3813 285 3881 de
314 3815 446 3879 istarum
475 3810 586 3876 saltem
614 3809 735 3897 origiue
765 3821 903 3890 constat,
934 3811 1052 3901 quippe
1075 3834 1156 3900 quae
1179 3813 1328 3884 maotrlae

139 3947 226 4001 ortae
257 3935 319 3999 sint
346 3955 383 3999 ex
412 3954 481 3996 roo.
507 3932 574 3994 mei
596 3927 664 3994 folii
686 3929 903 4019 praecedentis
927 3935 991 4011 82,
1017 3931 1102 4021 quod
1125 3933 1207 3999 iusto
1231 3935 1326 4005 citius

138 4055 286 4123 librarius
309 4053 419 4131 vertit,
444 4063 476 4118 et
499 4051 542 4117 sio
565 4049 648 4119 bene
669 4050 790 4121 multae
812 4052 957 4119 maculae
979 4066 1133 4143 apparent
1154 4055 1189 4119 iu
1207 4057 1326 4144 pagiua

140 4180 205 4256 83,
249 4197 385 4265 quarum
426 4172 581 4239 rationem
620 4172 741 4241 nullam
779 4173 892 4240 babuit
928 4172 1049 4253 editor,
1086 4175 1223 4265 exceptis
1254 4176 1324 4256 bis,

141 4320 223 4388 quae
254 4295 390 4386 speciem
413 4293 574 4383 quandam
597 4295 750 4384 praebent
772 4294 949 4363 litterarum
974 4299 1034 4375 in,·
1059 4319 1124 4361 non
1147 4296 1234 4363 enirn
1256 4320 1326 4365 sus·

139 4418 240 4510 picari
266 4419 342 4484 licet
372 4416 492 4483 Maium
523 4416 562 4482 de
590 4415 688 4483 hacce
711 4417 942 4507 praepositione
964 4417 1163 4487 dubitantem
1186 4418 1246 4486 sibi
1269 4442 1327 4486 ro·

139 4541 235 4608 luisse
256 4538 503 4630 suprascriptum
527 4536 696 4628 Augustini
720 4542 958 4620 «innocens»,
983 4541 1105 4609 etiamsi
1126 4541 1215 4609 istius
1235 4564 1324 4610 erro·

140 4663 182 4728 ris
205 4659 292 4727 aliud
315 4659 494 4752 exemplum
518 4660 691 4728 invenerim
714 4661 769 4727 lib.
798 4661 841 4728 ll.
871 4665 888 4747 §
917 4668 970 4730 43.
