2946 5182
141 344 205 406 210
523 362 701 409 rrrnrnrus
725 360 938 409 rurorrrnns.

138 531 278 621 legamus
314 553 403 629 eum⁴
423 529 550 596 codiee:
584 553 691 596 «cum
724 533 818 598 armis
852 558 883 601 se
918 536 952 600 in
988 534 1125 599 Tiberim
1156 531 1260 612 dedit,
1286 555 1323 598 ac

138 654 255 748 pariter
296 651 433 717 hostium
468 653 567 718 victor
610 666 641 719 et
683 655 839 735 fluminis,
879 659 1077 746 superiecta
1113 655 1325 720 Etruscorum

141 775 212 837 tela
236 777 401 839 vetavit.»

184 1013 240 1078 His
271 1014 378 1102 itaque
399 1015 528 1103 triginta
550 1014 627 1079 locis
649 1014 767 1103 profuit
790 1015 886 1082 codex
908 1018 1023 1082 iterum
1047 1014 1264 1094 examinatus,
1290 1018 1326 1081 in

140 1134 249 1199 ceteris
281 1156 353 1198 vero
382 1133 468 1198 haud
491 1135 554 1199 scio
577 1158 618 1199 an
641 1134 741 1200 multa
765 1136 949 1225 corrigenda
971 1135 1139 1226 praebeat,
1166 1138 1210 1202 sie
1236 1137 1325 1202 enirn

139 1276 170 1319 se
198 1252 294 1319 habet
324 1252 474 1333 Collatio,
507 1267 542 1318 ut
566 1278 727 1325 errorum.
752 1269 787 1321 ut
806 1257 850 1321 ita
873 1256 993 1334 dicam,
1017 1257 1121 1345 potius
1146 1257 1185 1322 sit
1209 1280 1325 1348 recep·

138 1376 294 1455 taculum3
330 1388 467 1441 attamen
498 1377 587 1441 nolui
617 1400 686 1441 earn
721 1375 799 1443 mihi
833 1379 988 1457 retinere,
1021 1379 1091 1457 sed,
1125 1390 1160 1442 ut
1192 1377 1325 1445 chartae

141 1496 365 1586 aliquantisper
383 1510 583 1586 parceretur,
605 1501 767 1587 pauciores
789 1512 913 1564 tantum
937 1498 989 1563 hic
1014 1498 1144 1564 exhibeo
1169 1498 1323 1565 lectiones

140 1620 258 1684 omissis
290 1618 465 1699 erroribus,
499 1621 553 1708 qui
577 1644 612 1685 er
636 1620 755 1685 librarii
778 1621 953 1709 ignorantia
976 1621 1043 1695 nati
1066 1643 1130 1687 esse
1154 1619 1322 1699 ridentur,

140 1741 373 1831 orthographici
398 1743 582 1830 praesertim
605 1744 692 1807 etin
711 1731 890 1807 nominibus
914 1742 1047 1831 propriis
1070 1742 1323 1830 frequentiores,

141 1863 247 1952 quales
279 1877 370 1928 sunt:
406 1887 442 1943 e,
468 1887 509 1928 ae
533 1876 564 1929 et
588 1886 624 1928 oe
647 1864 837 1952 permixtae,
860 1866 927 1927 iet
951 1885 992 1948 y,
1018 1885 1054 1940 c,
1077 1875 1156 1951 get
1180 1885 1217 1941 s,
1245 1861 1326 1928 det

141 1996 175 2067 t,
210 2013 228 2052 c
262 1999 293 2052 et
324 1994 359 2064 t,
392 1989 415 2049 i·
437 1998 468 2050 et
498 1986 530 2064 l,
555 1984 588 2071 f
611 1997 642 2050 et
656 1987 727 2074 pt,
752 1987 774 2048 h
797 1984 928 2060 omissa,
953 1982 1075 2047 litterae
1098 1981 1241 2071 duplices
1265 2005 1324 2073 pro

141 2107 282 2199 simplice
306 2117 360 2170 aut
384 2117 509 2185 contra,
535 2117 638 2170 cetera
662 2127 742 2193 quae
766 2115 839 2168 sunt
861 2103 955 2169 huius
979 2103 1111 2191 generis.
