2946 5182
138 344 200 407 132
334 360 445 406 mm.
473 360 542 407 sm.
570 339 655 406 xm.
681 345 871 407 ara—331.
898 341 968 410 xv,
997 318 1117 408 i-la.

136 527 189 594 Vs.
248 532 266 592 7
293 527 415 593 aeluros
732 530 927 597 crunletos

247 651 268 713 9
293 672 369 738 cepe
733 670 859 718 carran

732 778 746 808 V

229 826 269 888 16
294 835 328 887 ut
731 844 770 890 rr

293 943 469 1033 aretalogus
729 946 949 1013 uuurohoevs

229 1069 269 1130 18
294 1064 397 1154 adque
732 1086 771 1132 ΕΤ

227 1190 269 1251 24
292 1187 406 1251 merito
733 1206 905 1255 uruomro

227 1334 268 1394 25
294 1341 448 1394 temetum
471 1328 601 1395 duxerat
735 1349 1096 1398 rrurcruororxrmr
1182 1331 1214 1396 d.
1242 1351 1282 1397 rx

786 1456 801 1488 'l'

222 1507 264 1568 28
290 1499 383 1592 Copti
735 1523 839 1570 corun

229 1627 272 1688 29
296 1622 458 1688 cothurnis
737 1644 898 1692 corrmus

229 1748 271 1809 30
296 1743 393 1831 Pyrra
735 1745 879 1811 rrtYumt

297 1919 402 1983 rolras
737 1879 848 1985 tchAs

229 2041 271 2103 32
295 2037 477 2127 produxerit
735 2059 963 2106 rnoorcsrmr

232 2163 274 2224 34
299 2159 465 2224 inmortale
735 2162 936 2228 ruuonrrLr

230 2284 271 2345 35
293 2278 416 2346 Ombos
734 2301 840 2347 ouncs
932 2305 974 2346 ear
983 2270 987 2276 ’
990 2286 1118 2372 priore
1141 2302 1160 2349 o
1176 2284 1285 2372 facta
1309 2310 1333 2354 a

299 2401 434 2488 Tentyra
739 2422 887 2470 rrnrrul

232 2524 270 2587 41
298 2545 394 2588 cenae
739 2543 866 2590 cinnas

232 2650 273 2710 43
297 2645 451 2711 iacentem
738 2665 878 2712 morture

188 2842 289 2907 Versu
321 2845 362 2906 25
393 2841 517 2907 litterae
538 2861 582 2907 tx
605 2840 728 2907 lineolis
751 2865 787 2907 er
811 2855 985 2909 transverso
1009 2855 1135 2908 notatae
1159 2856 1252 2922 sunt,
1278 2843 1335 2908 iis-

142 2985 204 3052 que
230 2976 385 3050 punctum
410 2961 667 3052 superadditum,
692 2976 723 3028 et
751 2964 801 3029 rel
824 2965 868 3028 sic
890 2962 974 3029 male
998 2966 1130 3031 correxit
1154 2965 1230 3043 iste,
1256 2987 1336 3030 narn

142 3084 266 3149 litterae
290 3083 332 3148 de
357 3083 583 3173 expurgandae
607 3097 711 3166 erant3
736 3084 849 3150 melius
872 3085 1051 3151 emendavit
1075 3085 1213 3174 reliquos
1231 3084 1333 3151 locos.

142 3206 301 3283 Litterae,
328 3227 408 3292 quae
431 3228 511 3271 vers.
541 3208 600 3280 16,
627 3209 690 3284 28,
716 3210 758 3271 30
782 3207 1010 3296 suprascriptae
1034 3219 1128 3285 sunt,
1150 3205 1254 3271 eidem
1275 3208 1335 3272 tri·

140 3326 297 3403 beantur,
321 3325 372 3389 cui
392 3324 543 3390 debemus
563 3327 791 3391 correctionem
814 3350 894 3392 vers.
921 3332 984 3405 35,
1008 3327 1118 3416 etqui
1141 3325 1221 3391 mihi
1243 3327 1336 3393 ride-

141 3461 193 3515 tur
228 3445 347 3512 scholia
379 3445 586 3534 adscripsisse.
635 3443 676 3510 At
700 3468 839 3534 quonam
861 3460 1002 3538 tempore
1025 3447 1104 3512 illud
1127 3447 1248 3513 factum
1273 3449 1335 3529 sit,

141 3568 270 3634 difficile
303 3566 390 3632 dictu
425 3578 491 3645 est,
528 3588 603 3631 nam
638 3567 793 3656 scriptura
827 3567 1018 3633 scholiorum
1049 3568 1170 3633 cursira
1202 3580 1267 3647 est,
1303 3582 1337 3636 ct

140 3690 236 3780 paulo
268 3688 419 3777 sequioris
453 3688 541 3766 aeri,
566 3699 602 3752 ut
626 3687 727 3753 Maius
750 3702 835 3755 recte
859 3689 1098 3769 animadvertit,
1124 3688 1210 3778 quod
1234 3711 1335 3757 accu-

140 3812 238 3875 ratius
269 3808 486 3875 definiendum
516 3807 715 3898 peritioribus
746 3809 882 3876 libenter
911 3811 1079 3899 relinquo,
1111 3834 1186 3875 nam
1217 3834 1336 3877 occur-

141 3945 216 3996 runt
246 3933 279 3995 in
310 3930 371 3997 hoc
402 3930 558 3997 scribendi
589 3954 704 4020 genere
734 3931 857 3998 litterae
887 3934 1028 3998 cursirae
1056 3933 1157 3997 forma
1180 3932 1255 3995 satis
1280 3956 1336 3999 re-

142 4065 270 4130 centes,
302 4052 410 4140 quales
442 4064 534 4117 sunt:
561 4051 600 4131 b,
625 4051 665 4131 d,
690 4052 732 4130 h,
758 4077 797 4142 p,
828 4077 868 4141 q,
893 4079 930 4133 τ,
955 4054 999 4118 sic
1024 4053 1181 4143 depictae,
1206 4052 1337 4121 mediae

143 4196 216 4238 cum
240 4173 340 4236 forma
364 4173 466 4262 prisca
496 4173 639 4238 litterae:
671 4194 712 4252 a,
736 4193 775 4252 r,
800 4197 842 4260 9,
867 4187 898 4239 et
921 4174 1159 4240 semiunciales:
1191 4198 1208 4239 e
1233 4187 1264 4240 et
1291 4195 1335 4255 u,

141 4295 297 4384 longiores
330 4316 370 4372 c,
405 4313 444 4372 n,
475 4313 497 4358 rt
522 4292 616 4358 simul
638 4316 710 4359 cum
735 4295 875 4374 notitia,
901 4295 953 4361 cui
977 4294 1056 4361 alter
1078 4295 1191 4360 ductus
1215 4294 1335 4361 decur-

143 4429 225 4481 tatus
249 4417 293 4480 ita
317 4414 483 4492 adhaeret,
518 4426 553 4478 ut
575 4414 695 4479 formae
723 4415 846 4480 litterae
876 4415 893 4482 l
919 4416 1048 4505 propius
1071 4415 1215 4491 accedat,
1250 4438 1336 4504 quac

143 4540 218 4603 item
246 4537 290 4602 sic
314 4538 429 4626 scripta
454 4547 597 4625 apparet3
623 4547 728 4600 cetera
752 4535 822 4602 ride
839 4536 873 4601 in
892 4536 1063 4625 specimine
1083 4537 1170 4602 Maii.
1209 4534 1336 4627 Operae

142 4660 279 4750 pretium
308 4671 386 4724 esset
419 4670 523 4723 autem
553 4658 729 4723 accuratius
754 4679 942 4747 cognoscere
967 4656 1155 4725 scholiorum
1179 4681 1334 4739 manum,

893 4870 900 4893 r

898 4908 906 4945 l

903 4950 972 5142 h
