2946 5182
587 377 688 424 envas
713 376 853 424 conrcrs.
1270 363 1311 424 29

124 545 255 636 quitatis
285 545 513 614 documentum
539 568 645 613 meam
676 546 825 613 convellit
855 547 1058 637 opinionem,
1081 545 1205 614 duravit
1227 550 1313 615 anim

123 665 165 731 ad
187 678 309 733 sertum
333 667 494 735 saeculum
516 666 570 732 hic
594 689 687 745 5555,
708 667 773 732 imo
794 664 943 733 Silvestre
963 667 1140 758 fragmenta
1162 666 1312 748 Arsiana,

125 786 230 853 Vatia.
267 786 324 854 N⁰.
362 792 467 867 5750,
499 787 565 854 tab.
602 790 686 867 153,
720 787 870 877 bipartito
894 788 1010 877 scripta
1033 787 1167 877 septimo
1189 789 1312 857 tribuit.

125 907 195 975 Neo
223 919 328 974 cetera
358 908 504 988 obstant,
536 909 634 975 115555
665 895 746 973 dicd
768 931 826 998 per
848 906 1000 973 latercula
1023 920 1148 974 tantum
1171 932 1236 975 non
1258 933 1316 1001 per

125 1039 226 1094 totam
259 1029 409 1119 paginam
443 1029 574 1108 ductas,
609 1028 745 1095 initiales
780 1051 799 1093 a
830 1028 914 1094 linea
945 1028 1094 1118 scriptas,
1127 1030 1316 1119 scripturam

128 1150 331 1230 continuam,
363 1149 441 1240 sigla
471 1149 655 1239 litterasque
686 1160 881 1228 contractas,
910 1149 1155 1238 quaternionum
1178 1150 1317 1216 notatio·

128 1271 415 1345 nem,.titulorum
439 1271 558 1338 litteras
581 1270 762 1337 alternatim
785 1270 890 1361 nigras
903 1270 1091 1360 rubrasque3
1118 1271 1317 1338 haecomnia

126 1388 261 1482 probam
291 1392 514 1480 antiquitatem
542 1403 697 1482 arguunt,
730 1402 762 1456 et
785 1392 956 1481 septimum
979 1392 1142 1457 saeculum
1164 1405 1319 1482 respuunt

127 1511 263 1602 partim,
295 1532 406 1580 verum
438 1512 494 1578 ubi
525 1511 587 1577 alia
610 1512 674 1577 iam
698 1523 851 1601 apparent
874 1524 1080 1601 argumenta,
1105 1512 1155 1577 vir
1176 1511 1319 1579 indicant

127 1644 279 1721 quartum
302 1633 464 1699 saeculum
486 1654 563 1722 prae
588 1631 719 1721 quinto,
744 1643 839 1721 prout
862 1654 920 1721 ego
945 1632 1052 1698 sciam.

174 1751 272 1819 Miror
299 1753 414 1819 horum
440 1753 615 1832 librorum,
640 1751 680 1818 de
705 1775 842 1842 qnorum
866 1765 969 1821 aetate
993 1766 1133 1833 constat,
1157 1766 1223 1820 tam
1245 1776 1320 1844 par·

127 1862 212 1939 vam'
231 1873 378 1941 habuisse
402 1874 557 1941 rationem
580 1872 783 1954 Silvestrem,
807 1873 865 1962 qui
887 1873 995 1942 sedulo
1016 1887 1121 1941 cetera
1145 1897 1201 1940 sna
1224 1873 1319 1939 huius

128 1995 341 2062 semiuncialis
365 1996 537 2087 scripturae
561 1994 704 2084 exempla
735 1993 775 2059 ad
803 1995 973 2085 septimum
1004 1995 1101 2062 refert
1132 1994 1316 2074 saeculum,

128 2128 217 2184 recte
240 2117 384 2184 universe
407 2115 462 2183 sed
487 2117 521 2181 in
545 2115 735 2205 quibusdam
760 2116 937 2182 accuratius
961 2115 1065 2182 adhuc
1088 2116 1137 2182 illi
1159 2128 1227 2182 erat
1248 2138 1319 2183 ver·

132 2236 280 2306 eandum.
329 2237 490 2328 Quidquid
514 2250 579 2318 551,
608 2236 698 2304 15551
720 2260 807 2304 5555
830 2238 864 2302 15
886 2239 996 2327 paucis
1019 2237 1234 2305 demonstrare
1255 2260 1321 2303 non

131 2358 289 2447 adversari
320 2382 416 2452 quam
442 2359 601 2450 plerisque
624 2359 771 2425 tribuerit
795 2371 930 2426 aetatem
954 2359 1030 2426 huic
1052 2383 1142 2426 meae
1166 2359 1319 2450 opinioni.

130 2479 215 2548 Nam
238 2503 313 2546 cum
335 2493 442 2547 nostro
466 2480 647 2571 conspirant
669 2479 809 2560 multae,
832 2479 900 2547 vide
917 2500 956 2560 n,
978 2506 1018 2571 q,
1045 2501 1084 2561 r,
1108 2483 1142 2547 in
1155 2481 1320 2549 Lactantio

130 2601 323 2668 Bononiensi
355 2601 431 2669 Silv.
464 2601 530 2668 tab.
561 2604 625 2680 81,
663 2601 719 2690 qui
753 2599 879 2666 saeculo
914 2612 999 2666 sexto
1022 2601 1099 2667 item
1123 2624 1141 2666 a
1165 2602 1323 2668 Mabillon'

131 2724 319 2813 assignatur.
368 2722 421 2790 Sic
457 2723 564 2790 Livius
599 2720 780 2788 Vindobon.
828 2720 887 2788 N⁰.
925 2723 986 2800 15,
1024 2718 1100 2787 Silv.
1129 2722 1196 2789 tab.
1233 2726 1319 2802 136,

131 2844 258 2912 5555515
290 2855 375 2910 serto
398 2857 531 2911 exeunte
555 2845 690 2934 scriptus
713 2867 779 2910 5555
803 2841 927 2909 videtur
949 2841 1016 2921 illi,
1043 2853 1139 2931 atque
1162 2845 1322 2934 conspirat

132 2966 166 3030 in
201 2965 360 3054 plerisque
401 2987 474 3031 cnm
504 2977 611 3031 nostro
642 2965 765 3031 etiamsi
795 2965 918 3030 minore
948 2963 1050 3029 forma
1081 2964 1235 3054 scriptus,
1267 2964 1322 3032 sed

133 3107 171 3165 a,
205 3104 244 3165 ι,
276 3110 296 3151 r
329 3085 425 3175 paulo
448 3086 638 3153 recentiores
662 3097 749 3167 sunt3
777 3083 882 3152 codex
906 3084 1141 3151 Theodosianus
1164 3085 1262 3152 Paris.
1288 3088 1321 3152 in

132 3204 212 3273 bibl.
242 3229 309 3296 reg.
345 3204 486 3272 Silvestri
516 3220 563 3274 est
593 3207 670 3274 sexti
700 3207 836 3286 saeculi,
860 3229 970 3273 verum
995 3206 1148 3272 Maurinis
1171 3209 1323 3274 assentior

135 3350 268 3418 sequens
292 3326 454 3392 saeculum
474 3326 550 3394 huic
568 3328 782 3418 manuscripto
799 3325 1032 3405 tribuentibus,
1052 3339 1198 3417 proptor:
1222 3328 1322 3393 aiam

135 3447 169 3512 in
192 3447 276 3514 hanc
299 3448 433 3514 formam
457 3449 545 3515 etin
568 3449 720 3515 novitiam
743 3448 843 3514 illam:
870 3472 893 3512 a
916 3448 1126 3537 migrantem,
1151 3460 1182 3514 et
1193 3448 1323 3517 fortasse

134 3580 263 3658 propter
296 3566 464 3635 discrimen
487 3569 582 3636 ¹inter
613 3568 755 3635 vocalem
786 3591 808 3634 u
836 3580 868 3635 et
889 3581 1116 3635 consonantem
1138 3592 1176 3648 v,
1201 3581 1320 3650 oetera;

112 3682 114 3686 ’
136 3688 292 3779 quidquid
314 3703 362 3756 est
385 3690 498 3756 nostris
521 3702 596 3756 sunt
619 3691 808 3758 recentiores
831 3710 871 3770 n,
898 3710 935 3769 c,
957 3710 995 3770 r,
1021 3709 1061 3769 c,
1087 3709 1127 3769 5,
1150 3709 1190 3770 rt,
1205 3708 1236 3756 v.
1285 3691 1324 3757 In

136 3807 303 3877 Pandectis
338 3810 477 3890 Pisanis,
516 3810 590 3899 (nisi
625 3809 782 3877 Mediceas
812 3811 924 3892 malis,
955 3835 1031 3877 nam
1053 3811 1087 3876 15
1110 3811 1324 3879 Laurentiana

135 3928 329 3998 bibliotheca
359 3955 410 3998 eas
433 3933 511 3998 meis
542 3931 641 3998 oculis
666 3932 815 4013 lustravi,
840 3956 949 4000 varum
972 3956 1037 3999 non
1062 3932 1102 3998 ad
1125 3933 1263 4013 funalia,
1288 3946 1324 3999 ut

136 4052 268 4139 antea),
288 4054 407 4119 saeculi
421 4053 555 4144 ¹septimi
578 4065 664 4120 certo
683 4053 801 4120 indicio
819 4066 884 4121 est:
908 4077 946 4133 a,
968 4055 987 4118 5
1007 4055 1203 4120 coniunctim
1220 4054 1242 4120 b
1261 4067 1328 4121 515

138 4185 282 4254 exarata,
313 4193 352 4254 r,
384 4195 425 4254 o,
457 4193 497 4254 r,
530 4199 571 4264 q,
605 4192 627 4240 5
657 4174 781 4263 longius
804 4174 927 4240 inferne
950 4187 1122 4256 extractam
1149 4173 1219 4241 vide
1244 4173 1321 4242 Silv.

136 4293 203 4360 tab.
232 4298 284 4362 18.
336 4294 484 4362 Attamen
507 4318 573 4361 non
596 4307 686 4361 vacat
708 4295 742 4360 15
766 4295 897 4385 singulis
920 4295 1104 4375 subsistere,
1129 4319 1189 4362 nec
1213 4318 1325 4385 urgere

138 4415 224 4482 tituli
248 4418 436 4507 scripturam
458 4417 608 4484 rusticam
628 4415 668 4480 ad
688 4416 824 4507 speciem
843 4416 1053 4506 antiquiorem
1070 4416 1104 4482 in
1125 4414 1159 4483 S.
1181 4416 1326 4507 Prosperi

141 4537 335 4627 Epigramm.
369 4538 468 4606 Paris.
502 4537 615 4630 Suppl.
649 4538 720 4607 Lat.
753 4538 810 4606 N⁰.
844 4541 929 4618 669,
955 4536 1032 4605 Silv.
1057 4538 1124 4604 tab.
1150 4539 1211 4616 51,
1237 4538 1326 4603 55155

142 4671 304 4727 contortus
335 4661 546 4728 semiuncialis
578 4673 663 4728 recte
694 4661 863 4751 septimum
894 4660 1056 4729 saeculum
1088 4658 1147 4726 sibi
1169 4658 1322 4737 vindicat;
