2946 5182
149 356 189 416 16
518 367 641 414 cronno·
661 368 703 415 nr
729 367 770 414 ur
795 366 946 414 runrrcr.

145 552 270 630 ruptam
301 537 446 603 codicum
476 536 645 603 lectionem
678 536 860 616 afferentes,
892 551 928 602 ut
963 538 1012 603 rel
1040 539 1333 628 pronuntiationem

143 661 288 740 mittam,
325 682 407 749 quae
441 672 636 750 quantopere
668 657 792 724 differat
825 659 859 725 in
891 681 956 724 uno
986 658 1162 748 eodemque
1191 657 1332 749 populo,

143 783 200 869 qui
230 780 340 849 eadem
372 780 558 870 linquenti
585 777 728 858 dicatur,
760 779 811 844 tel
833 777 979 845 hodierni
1002 779 1074 847 Itali
1098 780 1329 847 demonstrant.

143 898 289 989 Denique
312 901 353 967 ad
370 901 671 991 antiquissimorum·
683 900 971 989 manuscriptorum
990 901 1123 990 probam
1141 902 1333 992 scripturam

142 1044 175 1087 se
198 1034 398 1089 conuertunt.
444 1022 486 1087 Et
509 1022 560 1087 sio
576 1019 715 1087 redimus
739 1019 778 1085 ad
797 1020 1035 1112 palimpsestmn
1055 1034 1217 1101 nostrum,
1237 1021 1332 1087 euius

142 1164 264 1208 summa
280 1143 455 1211 ‚auotoritas
488 1141 529 1206 ab
550 1141 613 1206 illis
643 1139 831 1221 adhibetur,
868 1143 984 1232 ignaris
1008 1144 1123 1233 opinor
1149 1166 1182 1209 se
1208 1143 1332 1209 nubem

140 1286 198 1352 pro
220 1262 344 1330 lunone
368 1263 527 1353 amplexos
543 1284 634 1340 esse,
656 1284 731 1327 nam
751 1264 806 1351 qui
825 1263 907 1330 liber
925 1264 1063 1332 secundo
1079 1277 1150 1355 post
1167 1263 1332 1330 Christum

140 1383 266 1451 saeculo
289 1383 457 1463 tribuitur,
490 1381 859 1473 quadringentosannos
879 1387 1036 1452 recentior
1064 1384 1230 1452 habendus
1260 1397 1328 1465 est,

140 1516 176 1569 ut
198 1527 271 1570 mor
293 1505 508 1571 demonstrare
531 1503 682 1570 conabor.
719 1505 911 1572 Euctemon
931 1506 981 1573 rel
999 1508 1092 1573 istam
1115 1506 1330 1574 venerandam

140 1638 276 1693 aetatem
303 1650 369 1693 esse
398 1626 481 1693 libro
514 1625 684 1706 Vaticano,
718 1628 777 1693 riri
799 1627 885 1695 docti
908 1629 1023 1694 frustra
1043 1630 1076 1695 in
1100 1628 1237 1695 lectione
1260 1627 1328 1692 lau·

139 1746 243 1813 danda
266 1759 298 1814 et
321 1749 475 1838 scriptura
499 1747 697 1815 defendenda
720 1751 834 1816 rersati
854 1731 947 1829 suut,
973 1751 1091 1841 quippe
1115 1773 1193 1839 quos
1215 1750 1329 1817 lateret

139 1868 290 1936 adhunc
318 1892 420 1958 usquc
448 1869 533 1936 diem
557 1870 633 1958 quid
665 1894 699 1938 re
716 1894 797 1938 -vere
827 1873 929 1961 prima
951 1888 1065 1938 manus
1088 1871 1226 1950 dederit,
1251 1892 1326 1935 narn

138 2015 206 2082 qua
240 1992 451 2057 inconstantia
491 1990 579 2057 huno
620 1991 728 2058 locum
768 1993 869 2059 Maius
913 1992 1206 2071 administraverit,
1239 2013 1326 2057 nunc

138 2112 267 2180 demum
291 2111 466 2202 apparebit.
516 2111 607 2198 Quod
622 2135 732 2201 ‘quum
750 2114 994 2203 perspexissem,
1019 2113 1201 2203 diligentius
1221 2109 1326 2178 adhuc

138 2257 247 2300 omnes
269 2245 427 2322 quotquot
449 2233 508 2298 iste
529 2233 676 2299 librarius
700 2236 892 2300 commiserit
914 2257 1051 2314 errores,
1077 2245 1188 2299 notare
1210 2232 1324 2312 libuit,

139 2377 202 2444 quo
233 2354 363 2442 aequius
394 2352 434 2419 de
457 2363 637 2419 correctore
655 2353 809 2421 iudicium
833 2356 969 2434 feratur,
1002 2368 1033 2422 et
1057 2354 1149 2421 simul
1173 2353 1235 2435 illis
1259 2377 1325 2419 mos

138 2487 284 2564 geratur,
318 2475 374 2563 qui
401 2474 572 2564 genuinam
596 2475 815 2566 antiquiorem
842 2479 1030 2568 scripturam
1054 2500 1072 2541 a
1095 2477 1198 2566 prima
1228 2498 1326 2542 manu

137 2596 253 2686 passim
288 2608 442 2662 servatam
477 2610 644 2677 censeant,
681 2598 859 2664 aseounda
895 2620 993 2663 mauu
1026 2597 1108 2663 male
1143 2597 1252 2664 scdulo
1286 2596 1325 2663 ad

138 2716 417 2806 grammaticorum
440 2740 569 2807 pravam
588 2718 752 2785 scientiam
772 2741 843 2784 eam
863 2730 1036 2783 correctam
1058 2741 1123 2784 esse
1140 2715 1323 2784 clamantes.

139 2837 212 2904 Non
235 2838 321 2904 enim
344 2839 370 2903 is
393 2861 481 2917 sum,
507 2839 559 2904 oui
582 2839 703 2928 primae
725 2860 839 2902 manus
862 2859 982 2904 errores
1005 2837 1043 2902 ad
1067 2861 1173 2904 veram
1190 2840 1325 2929 scriptu-

140 2980 207 3023 ram
227 2980 302 3023 non
332 2956 449 3024 ducere
474 2981 563 3047 posse
588 2956 772 3036 rideantur,
798 2971 907 3024 contra
931 2970 996 3038 est,
1018 2960 1083 3024 imo
1107 2958 1146 3026 de
1173 2956 1326 3026 industria

139 3078 306 3167 inquisivi,
332 3077 522 3166 quibusnam
544 3078 621 3144 locis
644 3078 746 3167 prima
769 3100 882 3144 manus
907 3101 1006 3167 quum
1029 3102 1135 3146 reram
1156 3080 1325 3147 lectionem

139 3211 208 3265 tum
239 3199 411 3288 genuinam
440 3198 697 3290 orthographiam
727 3210 896 3277 servasset,
927 3221 987 3264 nec
1011 3221 1109 3264 vanus
1132 3200 1225 3266 labor
1244 3201 1324 3279 fuit,

139 3320 262 3385 etiamsi
284 3342 377 3409 nunc
394 3321 484 3410 copia
504 3319 584 3386 mihi
606 3320 689 3385 facta
713 3342 777 3384 non
801 3320 840 3384 sit
859 3319 1062 3409 expromendi
1081 3344 1186 3386 meam
1206 3321 1245 3388 de
1264 3323 1325 3388 illis

141 3441 334 3531 opinionem.
383 3441 456 3508 Nou
479 3442 564 3506 enirn
587 3441 783 3530 propositum
806 3440 886 3507 mihi
909 3455 955 3507 est
985 3442 1044 3507 ista
1073 3441 1241 3523 dirimere,
1265 3465 1325 3510 neo

142 3559 269 3628 Osauno
303 3561 384 3628 duce
418 3560 458 3627 de
492 3561 623 3652 singulis
658 3561 735 3627 locis
766 3563 1065 3653 quaestionibusque
1094 3565 1217 3654 agitatis
1239 3583 1325 3653 ‘pro-

141 3684 301 3764 nuntiare3
326 3683 463 3749 sufficiat
476 3682 668 3748 Varietatem
688 3682 832 3748 lectionis
851 3683 972 3773 publici
988 3685 1064 3750 iuris
1084 3685 1208 3765 facere,
1230 3707 1326 3775 quam

142 3806 297 3874 acutiores
320 3805 503 3871 adhibeant.
553 3802 697 3871 Eandem
722 3805 763 3870 ob
787 3827 913 3871 eausam
937 3829 1002 3871 non
1024 3806 1113 3873 lubet
1136 3807 1170 3872 in
1192 3808 1263 3874 loco
1285 3807 1325 3874 de

141 3925 366 4015 orthographia
396 3926 583 4005 subsistere,
616 3948 675 3991 uec
705 3927 739 3991 in
769 3925 893 3992 tabulas
922 3929 1062 4018 recipere
1094 3942 1172 4018 quot
1199 3942 1231 3995 et
1255 3931 1326 4018 qui-

141 4047 276 4114 busnam
298 4047 376 4112 locis
406 4048 527 4137 primae
559 4069 671 4112 manus
694 4048 848 4137 scriptura
881 4061 1021 4115 correcta
1052 4051 1111 4129 sit,
1138 4051 1260 4140 quoties
1282 4073 1326 4114 xe

142 4168 301 4258 scripserit
331 4191 388 4258 pro
417 4167 559 4257 simplice
589 4193 635 4246 x,
668 4168 783 4257 quibus
814 4169 925 4235 litteris
953 4170 1156 4259 sequentibus
1188 4171 1328 4237 dautt

142 4289 264 4356 dederit
298 4290 331 4355 in
367 4296 420 4368 ct,
456 4288 537 4368 scd,
573 4298 699 4378 atquc,
732 4294 853 4379 atqui,
886 4290 1001 4380 apud,
1033 4291 1147 4371 baud,
1173 4291 1241 4372 od,
1267 4291 1326 4370 td,

144 4410 260 4491 illud,
297 4408 401 4477 atiud
413 4459 422 4489 ,
457 4410 565 4498 quod,
605 4414 737 4500 inqui&
768 4412 815 4477 rel
855 4412 888 4476 in
924 4413 1115 4500 quibusnam
1150 4413 1327 4504 compositis

144 4534 320 4624 simplicem
342 4533 477 4600 formam
504 4532 669 4599 retinuerit
691 4533 959 4623 praepositionum
983 4535 1035 4599 ad
1065 4536 1131 4624 (os,
1157 4560 1224 4626 ap,
1249 4533 1326 4623 as),

144 4679 218 4720 cnm
240 4654 334 4745 (con,
356 4655 444 4743 col),
466 4658 504 4719 in
525 4653 587 4742 (it,
609 4658 675 4732 im,
698 4652 766 4741 ir),
791 4655 850 4720 sub
873 4654 986 4746 (sup);
1007 4657 1061 4723 ubi
1083 4658 1128 4737 ll,
1152 4681 1236 4736 mm,
1253 4681 1325 4747 pp,
