2946 5182
472 368 536 416 ns.
563 351 589 416 1.
619 354 636 435 s
663 355 726 428 25,
748 356 809 428 30,
836 357 891 430 31,
918 355 973 418 34.
1274 358 1314 418 sr

173 536 256 604 lbid.
307 535 419 604 Solem
456 541 559 605 lunae
597 540 824 631 oppositum]
872 541 984 606 solere
1020 538 1176 627 deficere.
1224 537 1316 606 Hanc

126 659 300 750 genuinam
319 658 489 728 lectionem
508 661 567 727 viri
586 659 672 726 docti
691 661 835 727 certatim
855 661 1060 726 restituerunt
1079 683 1097 725 e
1113 661 1314 739 coniectura,

41 823 46 830 ·
126 779 298 870 quodiam
317 779 419 848 Maius
436 783 541 848 faeer'e
560 783 733 872 potuisset,
755 804 830 848 nam
847 793 932 847 recte
952 780 1090 852 litteram
1111 803 1143 844 m
1158 778 1317 847 deleverat

126 912 285 968 corrector
315 902 451 983 lineola,
485 926 567 994 quae
596 903 676 969 mihi
707 903 813 970 statim
840 902 985 993 apparuit
1007 902 1157 992 paginam
1183 901 1316 967 maculis

127 1021 327 1112 inquinatam
352 1036 500 1090 accurate
522 1024 673 1090 intuenti.

172 1261 293 1330 xvllt
320 1264 338 1348 §
363 1266 420 1329 30.
472 1262 581 1351 (inam
611 1286 722 1354 capra
741 1272 805 1328 ant
825 1285 914 1354 nepa
934 1272 999 1329 ant
1017 1266 1179 1329 eaoritnr
1197 1284 1316 1328 nomen

125 1383 274 1472 aliquod
305 1383 435 1451 belnae.
485 1384 621 1450 Fallitur
651 1383 815 1464 Ribbeck,
848 1384 942 1474 Trag.
975 1384 1046 1451 Lat.
1082 1384 1153 1450 llel.
1185 1407 1218 1473 p.
1250 1387 1314 1462 35,

125 1502 265 1569 scribens
284 1503 428 1571 codicem
444 1504 562 1573 habere
577 1527 720 1584 numen,
739 1529 814 1571 nam
830 1505 947 1595 legitur
961 1527 1080 1570 nomen
1096 1517 1129 1570 et
1144 1501 1315 1569 admodum

123 1624 292 1714 perspicue
328 1647 418 1715 nepa
426 1647 439 1704 ,·
464 1626 585 1691 notavit
609 1624 738 1715 quidem
762 1625 864 1691 Maius
885 1625 995 1691 vitiose
1017 1626 1170 1715 scripturn
1193 1648 1260 1691 esse
1281 1626 1315 1691 in

126 1742 245 1812 (lodice
268 1745 400 1836 alapa,
424 1744 478 1812 sed
501 1744 554 1812 hic
579 1768 707 1835 quoque
726 1744 839 1812 eadem
859 1744 977 1812 chorda
1001 1745 1179 1824 aberravit,
1203 1768 1315 1811 macu-

123 1866 188 1932 las·
203 1867 357 1956 quasdam
386 1866 536 1947 leviores,
569 1890 651 1956 quae
681 1891 723 1934 ne
751 1867 887 1934 formam
918 1866 1048 1958 quidem
1071 1866 1248 1933 litterarum
1272 1885 1314 1934 tu

123 1985 318 2077 praebeant,
343 2011 419 2055 curn
442 2011 515 2055 vera
538 1988 694 2078 scriptura
716 1991 933 2079 penniscens.'

173 2230 259 2297 XIX.
297 2232 316 2316 ς
354 2233 410 2296 31.
469 2227 730 2296 obtrectatores
774 2239 890 2295 antem
921 2238 955 2295 et
988 2228 1104 2294 invidi
1135 2226 1315 2320 Semianis
1391 2235 1392 2240 ’

125 2355 247 2417 initiis
258 2351 379 2440 factis
399 2375 422 2416 a
443 2350 488 2417 P.
519 2348 1002 2435 Crasso....tenent0alteram
1018 2359 1174 2441 partem.
1213 2352 1316 2437 Quam

122 2471 321 2563 negligenter
353 2472 499 2538 librarius
530 2473 708 2562 scripserit,
741 2471 802 2539 hoc
825 2470 969 2561 exemplo
992 2471 1085 2538 facile
1108 2471 1316 2540 demonstrari

122 2605 240 2683 potest;
267 2607 303 2659 ut
326 2595 411 2660 enim
435 2616 529 2684 supra
547 2593 682 2659 vidimus
704 2615 821 2683 paucas
841 2592 993 2682 quasdam
1014 2593 1134 2660 litteras
1154 2606 1208 2660 sut
1227 2594 1316 2661 verbi

122 2716 360 2781 terminationes
391 2717 520 2781 caussas
552 2726 607 2779 aut
637 2714 671 2779 in
694 2713 820 2780 brevius
843 2725 1039 2793 contractas,
1063 2714 1126 2780 hoc
1148 2714 1219 2780 loco
1241 2716 1314 2781 mis·

123 2837 191 2903 cuit
206 2858 288 2925 quae
300 2835 508 2903 describenda
519 2837 554 2902 in
566 2835 673 2901 animo
684 2834 823 2901 habebat
837 2831 1017 2925 Scipionis
1030 2838 1150 2900 initiis
1162 2835 1314 2926 deditque

125 2954 262 3048 Scipiis
294 2961 471 3024 initiante.
520 2955 686 3023 Ridiculus
708 2978 795 3022 error
818 2967 977 3024 correctus
1001 2969 1067 3036 est,
1090 2979 1165 3027 nam
1187 2959 1314 3048 punctis

123 3088 252 3144 notatae
276 3090 350 3144 sunt
373 3078 497 3146 litterae
520 3100 584 3156 on,
609 3089 641 3143 et
663 3077 818 3143 vocabulo
839 3074 974 3167 Srs'piis
992 3079 1239 3169 suprascriptum
1259 3079 1314 3145 ali·

123 3196 203 3288 quid
224 3211 371 3288 apparet,
392 3198 497 3288 quod,
521 3198 644 3265 etiamsi
661 3197 831 3289 Augustini
850 3220 963 3287 aquae
982 3197 1015 3263 id
1031 3221 1095 3264 non
1108 3199 1312 3282 abstulerint,

122 3342 188 3387 non
212 3322 363 3388 cernitur.

172 3562 258 3629 XXI.
285 3566 303 3650 §
328 3569 383 3631 34.
437 3562 520 3631 Cam
542 3565 720 3631 Panaetio
743 3589 859 3632 coram
879 3566 1026 3655 Polybio
1045 3567 1175 3633 dnobus
1199 3569 1312 3636 Grae·

124 3687 178 3751 ais
208 3685 265 3750 vel
288 3689 529 3775 peritissimis
565 3709 683 3753 reram
713 3688 881 3755 civilium.
930 3712 953 3753 i<
967 3687 1045 3756 cod.
1080 3690 1137 3755 nel
1162 3689 1313 3757 Graecis

123 3807 182 3872 oei
191 3808 453 3897 peritissimis,
479 3807 533 3874 sed
551 3810 655 3898 priore
675 3808 745 3875 loco
765 3833 824 3876 ror
843 3812 900 3876 nel
916 3811 1046 3877 fortasse
1059 3825 1217 3908 expuncta
1229 3827 1313 3882 est.»

124 3927 238 3995 Maius.
287 3928 503 3996 «Distinctius
526 3953 624 4020 quam
647 3943 740 3997 antea
763 3929 881 4011 Maius,
908 3930 986 4020 quid
1008 3933 1042 3998 in
1063 3932 1171 4000 codice
1190 3934 1312 4026 legere·

121 4061 196 4127 tur,
219 4070 307 4115 nunc
334 4049 517 4118 declaravit.
566 4052 678 4141 Itaque
701 4074 796 4118 nemo
814 4053 849 4118 in
870 4050 1005 4120 dubium
1028 4053 1164 4144 amplius
1187 4058 1312 4124 vocabit

121 4170 331 4238 lectionem.»
377 4170 430 4239 Sic
465 4170 631 4253 Osannus,
664 4186 696 4239 at
729 4175 763 4239 in
793 4175 897 4264 priore
930 4173 1069 4241 editione
1100 4175 1220 4266 absque
1245 4177 1312 4244 ulla

124 4291 331 4380 ambiguitate
358 4291 479 4360 dixerat
511 4292 662 4361 Codicem
689 4293 808 4361 babere
838 4296 895 4360 nel
927 4295 1096 4375 Graecis,
1125 4297 1178 4363 sed
1202 4322 1312 4366 rocem

123 4414 182 4478 oei
202 4413 333 4480 fortasse
356 4427 545 4504 expunctam
569 4439 646 4484 esse.
694 4415 763 4484 Nea
786 4440 860 4484 vero
880 4418 1146 4507 acquiescendum
1168 4433 1235 4500 est,
1260 4445 1312 4489 me

123 4531 249 4613 iudice,
274 4535 307 4601 in
327 4535 404 4601 Maii
423 4538 554 4627 repetita
574 4538 730 4617 lectione,
752 4538 908 4628 siquidem
926 4539 1100 4606 secundum
1125 4543 1181 4606 nel
1205 4541 1311 4610 abesse

124 4657 159 4720 in
187 4655 294 4723 codice
323 4657 403 4724 mihi
429 4661 627 4750 apparuerit,
655 4673 686 4725 et
711 4660 836 4727 nullum
860 4662 988 4728 omnino
1009 4662 1208 4752 expungeudi
1232 4663 1312 4730 indi·
