2946 5182
540 360 724 410 senserunt
745 362 886 410 coorcrs.
1264 351 1303 413 15

43 592 55 616 ,
119 536 257 606 Romulo
285 532 360 601 inde
382 555 482 623 usquc
506 532 545 598 ad
570 531 814 600 Constantinum
837 534 949 624 opinor
971 537 1104 602 mutarit
1126 537 1303 627 paullatim.

120 657 214 748 Quod
237 680 337 748 quum
359 656 404 722 ita
426 656 484 734 sit,
513 655 577 721 iarn
600 654 626 721 si
649 642 822 743 unicuique
844 676 938 721 suum
961 655 1100 724 tribuere
1123 659 1217 739 velis,
1242 660 1304 727 La·

119 781 261 848 tinorum
291 777 508 866 unusquisque
532 774 679 841 classicus
702 796 791 840 suam
814 775 970 864 privatam
991 777 1058 846 fere
1081 778 1212 847 dixerim
1233 804 1306 870 pos·

118 901 201 968 tulat
222 897 500 990 orthographiam,
524 918 622 986 quarn
641 918 750 963 vereor
773 908 809 961 ut
831 897 1000 986 quisquam
1024 897 1154 967 reddere
1176 903 1304 991 poterit.

119 1022 211 1088 Viros
241 1020 350 1088 doctos
379 1019 465 1086 enim
496 1017 591 1085 simul
621 1039 696 1083 cum
727 1019 939 1107 grammaticis
969 1019 1029 1086 sibi
1057 1021 1192 1088 invicem
1215 1022 1306 1088 oblo-

120 1154 253 1234 quentes
279 1140 441 1219 ridemus,
465 1161 525 1206 nec
548 1136 690 1206 certandi
711 1137 785 1213 finis
807 1158 961 1226 umquam
983 1140 1057 1221 erit3
1083 1140 1124 1208 de
1144 1141 1206 1210 hoc
1229 1166 1308 1210 con.

120 1276 203 1332 stare
225 1261 350 1330 videtur
372 1262 446 1341 uni,
471 1259 511 1327 de
535 1281 599 1348 quo
623 1257 703 1325 alter
725 1280 790 1326 non
809 1257 933 1348 liquere
950 1259 1066 1327 clamat
1076 1262 1101 1349 ¹)
1113 1311 1122 1342 ,
1146 1277 1201 1330 aut
1221 1265 1308 1355 quod

119 1383 154 1451 in
178 1383 312 1450 dubium
335 1405 447 1449 vocare
469 1381 533 1447 iarn
556 1378 673 1447 desinit
693 1379 916 1470 progrediente
927 1380 1056 1462 labore,
1079 1384 1124 1448 ita
1145 1396 1180 1450 ut
1197 1385 1231 1450 in
1242 1387 1308 1453 fine

120 1505 195 1571 libri
221 1506 338 1572 formas
360 1505 395 1569 in
418 1507 507 1570 iiius
531 1501 576 1568 sio
599 1501 778 1589 scribat2),
803 1524 882 1592 quas
905 1500 1015 1568 sedulo
1038 1504 1072 1569 in
1095 1504 1186 1572 initio
1209 1530 1266 1596 per
1289 1531 1308 1573 o

121 1625 274 1706 dederat,
296 1638 352 1691 aut
364 1627 554 1717 poenitere
572 1646 629 1714 per
647 1645 690 1690 oe
709 1623 804 1689 scribi
819 1624 913 1704 sinit,
934 1624 1058 1690 etiamsi
1078 1626 1187 1692 vitiosa
1206 1627 1308 1694 forma

121 1747 181 1814 sibi
202 1771 269 1816 esse
292 1745 485 1832 rideatur³);
513 1744 558 1810 sio
577 1752 631 1824 ct,
657 1743 736 1822 sed,
758 1743 871 1823 laud,
893 1744 989 1810 illud
996 1759 1129 1825 ,camna
1141 1770 1205 1813 non
1218 1763 1310 1815 curat

122 1870 226 1937 sintne
244 1893 302 1960 per
320 1868 348 1933 d
365 1878 419 1933 aut
439 1867 504 1933 tin
516 1864 606 1931 libris
616 1866 838 1955 manuscriptis
849 1864 958 1945 obvia,
981 1888 1062 1956 quae
1078 1867 1159 1935 alter
1169 1869 1308 1936 notanda

123 2003 157 2058 et
179 2014 216 2058 er
239 2003 326 2057 certa
347 1988 492 2079 analogia
516 1985 691 2055 editoribus
709 1985 890 2077 recipienda
907 1986 1037 2070 olamat;
1060 1989 1105 2056 sic
1127 1988 1312 2080 Osannus⁴)

123 2135 173 2179 res
195 2113 334 2178 minutas
357 2110 455 2188 dicit,
480 2106 566 2199 quod
589 2108 623 2173 in
646 2130 716 2175 roc.
741 2108 927 2199 appellare
949 2110 1052 2199 primo
1077 2120 1180 2177 ttnm
1195 2135 1311 2204 pcor·

123 2235 291 2324 rigaretur;
326 2246 358 2299 at
381 2232 512 2299 ubinam
535 2231 615 2297 fines
638 2229 697 2296 tibi
719 2252 818 2319 ponas
839 2231 1037 2298 minutorum
1061 2245 1157 2324 atque
1179 2258 1309 2316 eorum,

124 2353 165 2421 ad
196 2377 278 2444 quae
310 2351 538 2421 attendendum
561 2351 626 2418 sit?
673 2349 727 2419 Sic
752 2353 973 2420 auctoritatem
996 2353 1113 2421 codicis
1136 2359 1254 2447 spernit
1262 2358 1309 2446 ⁵),

124 2473 165 2542 od
191 2499 288 2566 quarn
311 2473 406 2541 modo
428 2484 651 2564 provocaverat
673 2473 707 2539 in
731 2472 914 2561 quaestione
936 2462 1113 2556 simillima,
1143 2477 1200 2543 nbi
1222 2501 1312 2544 suam

124 2597 328 2663 confirmaret
357 2595 556 2685 opinionem,
581 2605 698 2661 cetera.
747 2592 782 2660 Si
805 2594 869 2660 iam
894 2595 951 2660 viri
973 2593 1060 2662 docti
1082 2597 1142 2663 sibi
1163 2598 1312 2688 placeant

125 2719 160 2783 in
182 2719 328 2808 genuinis
351 2713 579 2795 rescribendis,
601 2738 711 2781 carere
733 2715 782 2781 vir
804 2727 954 2806 poterunt
978 2717 1076 2807 quin,
1101 2719 1127 2784 si
1148 2719 1209 2809 ipsi
1234 2742 1314 2787 auc·

124 2852 209 2906 tores
243 2839 481 2917 reviviscerent,
516 2837 632 2903 frustra
664 2859 720 2903 sua
753 2838 893 2928 ipsorum
922 2861 1018 2928 opera
1047 2839 1244 2929 relegerent,
1276 2853 1314 2907 ut

126 2959 305 3047 usannussst
327 2958 523 3025 Alschefskio
542 2936 679 3038 obiecit,
695 2981 806 3026 rerum
824 2959 910 3026 idern
928 2961 962 3026 in
982 2960 1094 3026 vitium
1114 2982 1178 3025 non
1189 2959 1312 3029 dedisse

124 3081 218 3147 illum
243 3079 440 3148 subdubito.
488 3079 571 3147 Nam
607 3103 671 3169 quo
704 3103 821 3171 quaeso
844 3081 950 3147 stabili
972 3080 1179 3148 fundamento
1202 3105 1314 3173 super·

125 3215 253 3269 struunt
275 3225 365 3269 suam
389 3202 577 3268 scientiam?
601 3201 825 3292 inscriptiones
847 3202 1009 3283 invocant3
1037 3202 1222 3270 atnondunr
1235 3227 1313 3271 con·

127 3335 189 3390 stat
207 3322 247 3391 de
266 3325 404 3414 genuina
424 3322 508 3414 apud
529 3323 700 3390 Gruterum
718 3324 893 3414 scriptura,
911 3345 952 3390 ne
970 3322 1012 3390 de
1024 3326 1175 3414 suspectis
1187 3323 1311 3406 dicam,

127 3457 197 3511 tum
231 3446 266 3510 in
300 3445 365 3512 istis
399 3444 568 3533 temporis,
604 3442 684 3524 loci,
721 3445 785 3509 irno
808 3445 945 3510 nationis
967 3466 1209 3535 nonnumquam
1233 3448 1316 3514 ratio

127 3565 275 3633 habenda
305 3578 369 3645 cst,
396 3587 477 3652 quae
501 3564 551 3631 vel
573 3565 640 3656 ipsa
663 3565 773 3632 fallere
794 3578 908 3656 potest.
946 3565 1012 3631 rlut
1034 3567 1314 3655 grammaticorum

128 3687 300 3778 implorant
323 3686 454 3767 iudicia3
481 3698 513 3751 at
535 3686 656 3776 profers
678 3685 797 3754 iudices
817 3686 904 3753 haud
921 3687 966 3753 ita
986 3688 1236 3768 consentientes,
1259 3691 1315 3780 qui

129 3809 312 3899 aequalium
341 3831 461 3876 errores
492 3807 662 3888 notabant,
694 3821 726 3876 et
756 3810 829 3876 satis
852 3832 909 3900 pro
932 3810 1065 3901 imperio
1088 3810 1223 3902 agebant
1247 3834 1316 3878 cor·

167 4186 193 4247 r)
218 4191 314 4243 Osann.
331 4207 388 4256 pag.
406 4180 453 4253 2⁴0,
471 4197 517 4253 ar,
535 4197 582 4255 ss,
600 4196 657 4244 scs.

163 4291 191 4356 2)
217 4290 284 4340 vido
300 4287 367 4339 infra
382 4289 415 4339 ad
430 4289 459 4339 11
477 4290 492 4353 ᾗ
510 4291 532 4340 7.

161 4389 190 4456 3)
217 4385 312 4438 Osann.
329 4401 386 4451 pag.
403 4391 461 4438 302.

161 4485 190 4551 4)
215 4484 277 4548 Peg.
294 4487 336 4533 36.

162 4581 190 4647 5)
216 4580 278 4646 Peg.
296 4585 337 4631 95.

161 4679 189 4748 6)
215 4679 276 4742 Peg.
294 4682 351 4729 475.
