2946 5182
139 334 201 438 tis
503 392 609 440 rursu
633 395 702 440 sir.
729 375 753 439 1.
780 376 946 438 53-104.

135 573 249 627 cetera.
300 563 405 628 Potest
429 565 559 653 cogitari
583 563 711 653 quidem
735 563 774 627 de
799 564 909 652 quinto
934 562 1059 627 saeculo
1078 572 1211 651 propter
1233 560 1336 626 acho*

133 681 249 747 liorum
273 685 459 774 scripturam
479 686 653 763 cursiram,
674 683 727 750 sed
748 683 827 748 mihi
843 684 1003 772 antiquior
1015 707 1080 749 esse
1093 682 1232 748 ridetur.

178 802 279 868 Maius
309 805 341 868 in
374 806 570 872 Praefatione
601 806 624 874 1.
657 805 679 869 1.
715 829 747 894 p.
783 803 891 870 XVIII
923 803 1020 869 Persii
1043 815 1138 892 atque
1165 802 1331 868 Iuvenalis

132 923 216 990 locos
241 924 369 989 collatos
390 926 550 1005 exhibuit,
576 924 713 1004 sedita,
734 938 769 989 ut
789 924 868 989 mihi
889 948 1001 1014 operae
1020 924 1157 1014 pretium
1177 922 1331 989 rideatur

131 1044 357 1111 accuratiorem
388 1048 571 1112 varietatem
604 1047 746 1112 lectionis
770 1047 909 1135 proferre
931 1069 989 1136 pro
1013 1046 1070 1124 iis,
1094 1066 1176 1132 quae
1200 1044 1235 1109 in
1262 1043 1329 1109 edi·

130 1165 268 1231 tionibus
312 1167 590 1232 circumferuntur.
657 1167 803 1231 Promisit
849 1167 924 1231 olim
972 1166 1025 1232 rr.
1064 1152 1259 1230 Ilauthalius
1295 1186 1329 1230 se

130 1287 346 1376 apographum
377 1287 544 1376 diligenter
574 1288 694 1352 factum
723 1286 955 1366 exhibiturum,
994 1309 1102 1352 rerum
1133 1283 1241 1375 quoad
1267 1306 1328 1375 ego

129 1407 245 1486 sciam,
274 1407 417 1472 nondum
441 1410 633 1474 satisfactum
659 1422 705 1474 est
729 1431 746 1472 a
770 1410 836 1474 viro
860 1409 1053 1489 doctissim03
1080 1406 1170 1496 atqui
1192 1419 1330 1496 propter

127 1529 272 1593 eximiam
304 1528 398 1594 huius
430 1530 498 1595 folii
530 1531 750 1620 antiquitatem
781 1528 874 1595 liceat
901 1553 1005 1595 meam
1031 1528 1163 1619 prodere
1196 1526 1328 1593 collati·

127 1673 240 1728 onem,
274 1673 354 1738 quae
388 1651 532 1741 suppleat
561 1649 756 1740 parcioribus
787 1650 824 1715 iis
856 1673 874 1713 a
911 1651 952 1716 cl.
988 1650 1067 1715 Iahn
1098 1647 1260 1713 adnotatis
1293 1650 1327 1714 in

128 1770 302 1860 Prolegom.
343 1772 382 1836 ad
421 1773 563 1838 Persium
598 1795 672 1861 pag.
710 1769 851 1837 CXCVI.
902 1769 1152 1861 0rthographiae
1189 1769 1329 1835 studiosi

127 1892 273 1956 certiores
305 1893 383 1957 fient
416 1892 454 1959 de
483 1915 543 1957 usu
566 1916 584 1955 c
607 1914 663 1981 pro
689 1899 722 1970 t,
748 1914 765 1955 e
788 1914 845 1980 pro
870 1914 931 1970 aa,
958 1892 974 1953 b
999 1914 1072 1956 cum
1095 1913 1115 1952 o
1139 1891 1327 1979 promiscue

128 2010 306 2091 adhibitae,
332 2035 350 2076 s
372 2026 442 2102 post
465 2038 490 2076 x
513 2012 710 2090 deficientis,
735 2011 915 2101 duplicatae
940 2014 971 2091 l,
997 2035 1037 2090 n,
1055 2036 1104 2101 p,
1129 2022 1160 2076 et
1183 2034 1326 2102 praepo·

128 2133 246 2199 sitionis
271 2132 321 2196 ad
341 2134 375 2197 in
398 2158 486 2223 ap-,
512 2157 588 2211 ao,
613 2145 673 2198 cet.
700 2133 860 2198 vertentis.

171 2253 272 2319 Probe
297 2255 360 2318 scio
385 2254 482 2320 Persii
505 2254 604 2319 textui
627 2254 673 2318 nil
697 2254 778 2319 lucri
802 2255 871 2319 fieri
895 2278 931 2319 ex
950 2255 1010 2319 hac
1031 2252 1223 2332 collatione,
1244 2276 1326 2319 nam

125 2373 158 2437 in
190 2378 232 2438 52
265 2374 327 2439 illis
350 2374 489 2441 versibus
515 2379 556 2440 48
580 2374 730 2440 lectiones
754 2396 795 2439 ne
819 2373 923 2438 dicam
945 2396 1067 2438 errores
1089 2373 1323 2454 inveniuntur,

127 2494 211 2559 unde
240 2493 278 2560 de
294 2493 498 2574 editionum,
525 2494 638 2583 quibus
659 2496 798 2571 utimur,
823 2494 1014 2584 praestantia
1037 2516 1112 2583 prae
1132 2493 1244 2561 codice
1271 2520 1326 2562 re-

124 2616 288 2680 motissimi
322 2617 472 2706 temporis
506 2616 659 2681 iudicium
690 2616 758 2680 fiat.
818 2614 880 2682 Sed
911 2615 972 2680 hoc
1007 2616 1073 2704 ipso
1107 2614 1246 2695 incitor,
1286 2630 1324 2682 ut

125 2758 161 2800 ex
196 2736 317 2802 schedis
352 2738 430 2802 mais
460 2737 521 2801 hoc
553 2735 664 2800 folium
695 2736 873 2823 proferam,
907 2736 1108 2801 utilissimum
1130 2736 1321 2826 exemplum

125 2856 209 2945 quod
232 2858 269 2922 iis
294 2858 480 2936 obiiciatur,
506 2857 561 2945 qui
582 2857 615 2921 in
635 2855 796 2921 codicibus
816 2868 941 2920 tantum
961 2856 1161 2923 classicorum
1181 2880 1323 2924 manum

124 2979 254 3067 reperiri
281 3003 370 3069 posse
402 2977 607 3045 contendant.
658 2974 762 3041 Lubet
792 2977 879 3042 hune
911 2977 1054 3043 evolvere
1081 2978 1201 3042 librum
1226 2979 1321 3045 Lati·

123 3119 202 3162 num
233 3119 295 3186 quo
320 3099 511 3188 antiquiores
535 3098 583 3163 vix
608 3097 718 3162 decem
741 3098 820 3163 mihi
842 3098 970 3163 laudare
994 3099 1130 3188 poteris,
1156 3100 1319 3189 scriptum

124 3239 161 3283 eo
191 3230 332 3308 tempore
364 3243 426 3308 quo
450 3219 570 3284 librarii
594 3219 706 3284 Latine
730 3218 943 3307 loquebantur
966 3231 997 3284 ct
1021 3218 1222 3299 scribebant,
1249 3223 1326 3289 imo

124 3339 204 3403 nihil
229 3339 334 3419 aliud,
367 3353 398 3406 ct
421 3354 527 3406 tamen
552 3341 596 3405 sic
620 3363 686 3404 sese
711 3338 807 3405 habet
831 3340 928 3405 Persii
951 3352 1135 3418 contextus,
1168 3354 1206 3406 ut
1230 3344 1322 3433 opti-

122 3482 193 3526 mus
225 3461 357 3550 quisque
389 3461 490 3526 editor
513 3460 636 3525 etiamsi
663 3482 727 3524 non
752 3460 912 3525 Romanus
936 3461 1066 3526 meliora
1090 3459 1162 3539 det,
1187 3474 1221 3526 et
1243 3463 1321 3530 iure

113 3605 178 3675 ‘suo
214 3595 339 3672 spernat
362 3581 622 3671 negligentissimi
645 3593 740 3668 atque
764 3581 1008 3669 ignorantissimi
1029 3581 1150 3646 librarii
1173 3604 1317 3652 errores.

168 3703 241 3769 Non
274 3703 460 3770 crediderim
494 3702 555 3768 hoc
587 3702 721 3768 severius
754 3703 993 3791 pronuntiatum
1028 3701 1067 3766 de
1099 3724 1156 3780 eo,
1188 3704 1246 3791 qui
1281 3707 1319 3772 in

122 3825 186 3889 fine
214 3825 387 3890 hexametri
416 3825 538 3914 scripsit
562 3827 672 3888 caritot
694 3846 751 3913 pro
776 3833 890 3888 exstet
912 3848 942 3889 r.
970 3827 1032 3903 57,
1058 3824 1111 3888 cui
1133 3823 1211 3887 item
1234 3822 1319 3893 dac-

121 3945 234 4033 tyIIcus
266 3969 371 4010 sersus
401 3969 459 4041 per
490 3946 625 4009 nihilne
649 3944 762 4035 pudet
793 3969 820 4009 r.
855 3949 898 4010 83
929 3944 1054 4033 incipit;
1088 3944 1151 4008 ianr
1179 3944 1238 4009 ubi
1262 3949 1318 4014 vel

120 4078 221 4132 metro
244 4090 308 4131 non
335 4066 503 4144 retinetur,
530 4064 606 4155 quid
625 4066 741 4130 mirum
762 4067 857 4130 istum
874 4089 904 4130 r.
927 4069 969 4130 58
987 4063 1106 4129 dedisse
1130 4062 1190 4130 «0
1214 4065 1314 4149 lane,

120 4211 224 4275 quam
254 4187 342 4251 nulla
363 4185 485 4251 ciconia
505 4186 645 4275 pinsit‚>›
674 4186 729 4251 ubi
753 4186 886 4251 editores
912 4184 1054 4250 scribunt
1077 4207 1173 4272 quem
1185 4207 1198 4262 ,·
1224 4185 1316 4255 diffi-

121 4308 181 4374 cile
204 4320 283 4374 esset
306 4306 468 4396 ignoscere
492 4306 620 4372 librario
644 4308 787 4372 Romano
811 4307 969 4397 ignoranti
994 4306 1070 4394 quid
1092 4306 1132 4370 sit
1154 4305 1315 4377 «Graece

120 4429 260 4519 nugari»
292 4441 387 4518 atque
425 4429 555 4495 Graeci
585 4428 736 4494 scribenti
766 4452 797 4493 r.
825 4431 888 4506 70,
913 4428 973 4492 nisi
997 4426 1069 4492 luce
1092 4425 1207 4492 clarius
1228 4445 1314 4498 esset

119 4550 281 4616 hominem
304 4572 368 4614 non
393 4563 571 4616 assecutum
595 4573 660 4614 esse
684 4549 746 4614 loci
769 4571 915 4626 sensum,
940 4571 999 4613 nec
1023 4572 1053 4612 r.
1079 4549 1121 4613 85
1146 4550 1226 4634 qui,
1247 4573 1314 4617 nec

120 4696 147 4738 r.
184 4677 225 4739 87
262 4671 453 4752 laudatus‚·
489 4671 566 4739 item
600 4672 679 4736 ratio
714 4671 795 4760 fugit
829 4670 949 4736 bonum
983 4669 1165 4759 scriptorem
1197 4692 1228 4736 v.
1264 4675 1312 4736 92
