<?xml version="1.0" encoding="UTF-8"?>
<!DOCTYPE html PUBLIC "-//W3C//DTD XHTML 1.0 Transitional//EN"
    "http://www.w3.org/TR/xhtml1/DTD/xhtml1-transitional.dtd">
<html xmlns="http://www.w3.org/1999/xhtml" xml:lang="en" lang="en">
 <head>
  <title>
</title>
<meta http-equiv="Content-Type" content="text/html;charset=utf-8" />
  <meta name='ocr-system' content='tesseract 3.04.00' />
  <meta name='ocr-capabilities' content='ocr_page ocr_carea ocr_par ocr_line ocrx_word'/>
</head>
<body>
  <div class='ocr_page' id='page_1' title='image "./schedaevaticana01rieugoog_0060.png"; bbox 0 0 2946 5182; ppageno 0'>
   <div class='ocr_carea' id='block_1_1' title="bbox 466 338 1295 425">
    <p class='ocr_par' dir='ltr' id='par_1_1' title="bbox 466 338 1295 425">
     <span class='ocr_line' id='line_1_1' title="bbox 466 338 1295 425; baseline -0.002 -21"><span class='ocrx_word' id='word_1_1' title='bbox 466 357 531 404; x_wconf 78' lang='lat' dir='ltr'><strong>cru.</strong></span> <span class='ocrx_word' id='word_1_2' title='bbox 559 338 585 403; x_wconf 90' lang='lat'><strong>1.</strong></span> <span class='ocrx_word' id='word_1_3' title='bbox 609 343 630 425; x_wconf 55' lang='lat'><strong>⁴§</strong></span> <span class='ocrx_word' id='word_1_4' title='bbox 655 343 716 416; x_wconf 82' lang='lat'><strong>64,</strong></span> <span class='ocrx_word' id='word_1_5' title='bbox 742 341 806 415; x_wconf 85' lang='lat'><strong>66,</strong></span> <span class='ocrx_word' id='word_1_6' title='bbox 832 341 886 401; x_wconf 87' lang='grc'><strong>67.</strong></span> <span class='ocrx_word' id='word_1_7' title='bbox 1257 341 1295 402; x_wconf 80' lang='lat' dir='ltr'><strong>at</strong></span> 
     </span>
    </p>
   </div>
   <div class='ocr_carea' id='block_1_2' title="bbox 30 523 1306 2668">
    <p class='ocr_par' dir='ltr' id='par_1_2' title="bbox 30 523 1300 859">
     <span class='ocr_line' id='line_1_2' title="bbox 157 523 1300 619; baseline -0.003 -23"><span class='ocrx_word' id='word_1_8' title='bbox 157 527 354 619; x_wconf 77' lang='lat' dir='ltr'><strong>Subscriptio</strong></span> <span class='ocrx_word' id='word_1_9' title='bbox 389 526 477 593; x_wconf 86' lang='lat' dir='ltr'>Libri</span> <span class='ocrx_word' id='word_1_10' title='bbox 511 527 528 593; x_wconf 94' lang='lat' dir='ltr'>I</span> <span class='ocrx_word' id='word_1_11' title='bbox 557 548 622 591; x_wconf 92' lang='lat' dir='ltr'><strong>non</strong></span> <span class='ocrx_word' id='word_1_12' title='bbox 652 525 769 615; x_wconf 76' lang='lat' dir='ltr'><strong>legitur</strong></span> <span class='ocrx_word' id='word_1_13' title='bbox 797 526 830 590; x_wconf 92' lang='lat' dir='ltr'><strong>in</strong></span> <span class='ocrx_word' id='word_1_14' title='bbox 857 546 958 616; x_wconf 91' lang='lat' dir='ltr'><strong>puro,</strong></span> <span class='ocrx_word' id='word_1_15' title='bbox 992 523 1078 614; x_wconf 90' lang='lat' dir='ltr'><strong>quod</strong></span> <span class='ocrx_word' id='word_1_16' title='bbox 1105 538 1175 614; x_wconf 87' lang='lat' dir='ltr'><strong>post</strong></span> <span class='ocrx_word' id='word_1_17' title='bbox 1202 527 1300 593; x_wconf 91' lang='lat' dir='ltr'><strong>finem</strong></span> 
     </span>
     <span class='ocr_line' id='line_1_3' title="bbox 111 645 1300 741; baseline -0.003 -25"><span class='ocrx_word' id='word_1_18' title='bbox 111 650 226 741; x_wconf 81' lang='lat' dir='ltr'><strong>eapitis</strong></span> <span class='ocrx_word' id='word_1_19' title='bbox 263 648 368 714; x_wconf 87' lang='lat' dir='ltr'><strong>ultimi</strong></span> <span class='ocrx_word' id='word_1_20' title='bbox 402 648 549 715; x_wconf 90' lang='lat' dir='ltr'><strong>relictum</strong></span> <span class='ocrx_word' id='word_1_21' title='bbox 583 659 630 713; x_wconf 87' lang='lat' dir='ltr'><strong>est</strong></span> <span class='ocrx_word' id='word_1_22' title='bbox 653 646 819 713; x_wconf 86' lang='lat' dir='ltr'><strong>laterculo.</strong></span> <span class='ocrx_word' id='word_1_23' title='bbox 869 646 970 712; x_wconf 84' lang='lat' dir='ltr'><strong>Maius</strong></span> <span class='ocrx_word' id='word_1_24' title='bbox 995 645 1034 711; x_wconf 86' lang='lat' dir='ltr'><strong>ad</strong></span> <span class='ocrx_word' id='word_1_25' title='bbox 1058 646 1236 737; x_wconf 85' lang='lat' dir='ltr'><strong>exemplum</strong></span> <span class='ocrx_word' id='word_1_26' title='bbox 1260 647 1300 712; x_wconf 90' lang='lat' dir='ltr'><strong>li-</strong></span> 
     </span>
     <span class='ocr_line' id='line_1_4' title="bbox 30 765 1147 859; baseline -0.004 -22"><span class='ocrx_word' id='word_1_27' title='bbox 30 782 36 789; x_wconf 92' lang='lat'>&#39;</span> <span class='ocrx_word' id='word_1_28' title='bbox 111 770 165 837; x_wconf 92' lang='lat' dir='ltr'><strong>bri</strong></span> <span class='ocrx_word' id='word_1_29' title='bbox 188 770 238 849; x_wconf 91' lang='grc' dir='ltr'><strong>ΙΙ,</strong></span> <span class='ocrx_word' id='word_1_30' title='bbox 263 769 353 835; x_wconf 92' lang='lat' dir='ltr'><strong>cuius</strong></span> <span class='ocrx_word' id='word_1_31' title='bbox 376 769 560 859; x_wconf 91' lang='lat' dir='ltr'><strong>perspicuus</strong></span> <span class='ocrx_word' id='word_1_32' title='bbox 584 779 683 834; x_wconf 81' lang='lat' dir='ltr'><strong>exstat</strong></span> <span class='ocrx_word' id='word_1_33' title='bbox 705 767 836 846; x_wconf 89' lang='lat' dir='ltr'><strong>titulus,</strong></span> <span class='ocrx_word' id='word_1_34' title='bbox 860 765 948 832; x_wconf 92' lang='lat' dir='ltr'><strong>hunc</strong></span> <span class='ocrx_word' id='word_1_35' title='bbox 971 766 1147 856; x_wconf 80' lang='lat' dir='ltr'><strong>supplerit:</strong></span> 
     </span>
    </p>

    <p class='ocr_par' dir='ltr' id='par_1_3' title="bbox 526 905 895 956">
     <span class='ocr_line' id='line_1_5' title="bbox 526 905 895 956; baseline -0.011 0"><span class='ocrx_word' id='word_1_36' title='bbox 526 908 574 956; x_wconf 84' lang='lat' dir='ltr'><strong>.n.</strong></span> <span class='ocrx_word' id='word_1_37' title='bbox 600 906 698 954; x_wconf 78' lang='grc'><strong>66666</strong></span> <span class='ocrx_word' id='word_1_38' title='bbox 723 905 895 953; x_wconf 74' lang='grc'><strong>66666666</strong></span> 
     </span>
    </p>

    <p class='ocr_par' dir='ltr' id='par_1_4' title="bbox 567 1026 845 1075">
     <span class='ocr_line' id='line_1_6' title="bbox 567 1026 845 1075; baseline -0.011 0"><span class='ocrx_word' id='word_1_39' title='bbox 567 1028 610 1075; x_wconf 86' lang='grc'><strong>66</strong></span> <span class='ocrx_word' id='word_1_40' title='bbox 634 1027 677 1074; x_wconf 85' lang='grc'><strong>66</strong></span> <span class='ocrx_word' id='word_1_41' title='bbox 701 1026 845 1074; x_wconf 73' lang='lat' dir='ltr'><strong>eunucu</strong></span> 
     </span>
    </p>

    <p class='ocr_par' dir='ltr' id='par_1_5' title="bbox 113 1146 1306 2668">
     <span class='ocr_line' id='line_1_7' title="bbox 544 1146 870 1196; baseline -0.006 0"><span class='ocrx_word' id='word_1_42' title='bbox 544 1148 700 1196; x_wconf 80' lang='grc'><strong>66661666</strong></span> <span class='ocrx_word' id='word_1_43' title='bbox 725 1147 824 1194; x_wconf 77' lang='lat' dir='ltr'><strong>umen</strong></span> <span class='ocrx_word' id='word_1_44' title='bbox 846 1146 870 1194; x_wconf 85' lang='lat'><strong>1.</strong></span> 
     </span>
     <span class='ocr_line' id='line_1_8' title="bbox 113 1248 1302 1345; baseline -0.002 -23"><span class='ocrx_word' id='word_1_45' title='bbox 113 1267 147 1323; x_wconf 86' lang='grc'><strong>66</strong></span> <span class='ocrx_word' id='word_1_46' title='bbox 179 1253 315 1345; x_wconf 86' lang='lat' dir='ltr'><strong>primam</strong></span> <span class='ocrx_word' id='word_1_47' title='bbox 346 1253 485 1318; x_wconf 77' lang='lat' dir='ltr'><strong>litteram</strong></span> <span class='ocrx_word' id='word_1_48' title='bbox 518 1271 543 1316; x_wconf 84' lang='lat' dir='ltr'><strong>n</strong></span> <span class='ocrx_word' id='word_1_49' title='bbox 573 1251 607 1315; x_wconf 92' lang='lat' dir='ltr'><strong>in</strong></span> <span class='ocrx_word' id='word_1_50' title='bbox 636 1248 745 1315; x_wconf 91' lang='lat' dir='ltr'><strong>codice</strong></span> <span class='ocrx_word' id='word_1_51' title='bbox 774 1249 871 1338; x_wconf 92' lang='lat' dir='ltr'><strong>paulo</strong></span> <span class='ocrx_word' id='word_1_52' title='bbox 903 1248 1127 1316; x_wconf 79' lang='lat' dir='ltr'><strong>evidentiorem</strong></span> <span class='ocrx_word' id='word_1_53' title='bbox 1151 1274 1302 1341; x_wconf 81' lang='lat' dir='ltr'><strong>apparere</strong></span> 
     </span>
     <span class='ocr_line' id='line_1_9' title="bbox 113 1369 1302 1461; baseline -0.001 -21"><span class='ocrx_word' id='word_1_54' title='bbox 113 1374 251 1440; x_wconf 88' lang='lat' dir='ltr'><strong>monuit.</strong></span> <span class='ocrx_word' id='word_1_55' title='bbox 300 1372 458 1461; x_wconf 80' lang='lat' dir='ltr'><strong>Equidem</strong></span> <span class='ocrx_word' id='word_1_56' title='bbox 482 1372 615 1437; x_wconf 91' lang='lat' dir='ltr'><strong>unicum</strong></span> <span class='ocrx_word' id='word_1_57' title='bbox 638 1369 723 1459; x_wconf 89' lang='lat' dir='ltr'><strong>quod</strong></span> <span class='ocrx_word' id='word_1_58' title='bbox 747 1392 876 1436; x_wconf 90' lang='lat' dir='ltr'><strong>cernere</strong></span> <span class='ocrx_word' id='word_1_59' title='bbox 899 1371 989 1459; x_wconf 92' lang='lat' dir='ltr'><strong>potui</strong></span> <span class='ocrx_word' id='word_1_60' title='bbox 1007 1369 1102 1436; x_wconf 88' lang='lat' dir='ltr'><strong>huius</strong></span> <span class='ocrx_word' id='word_1_61' title='bbox 1120 1375 1302 1461; x_wconf 92' lang='lat' dir='ltr'><strong>praenomi-</strong></span> 
     </span>
     <span class='ocr_line' id='line_1_10' title="bbox 115 1491 1303 1584; baseline 0.001 -23"><span class='ocrx_word' id='word_1_62' title='bbox 115 1496 165 1561; x_wconf 89' lang='lat' dir='ltr'><strong>nis</strong></span> <span class='ocrx_word' id='word_1_63' title='bbox 188 1494 353 1584; x_wconf 70' lang='lat' dir='ltr'><strong>vestigium</strong></span> <span class='ocrx_word' id='word_1_64' title='bbox 379 1494 498 1561; x_wconf 89' lang='lat' dir='ltr'><strong>scilieet</strong></span> <span class='ocrx_word' id='word_1_65' title='bbox 523 1513 551 1573; x_wconf 83' lang='grc' dir='ltr'><strong>ι,</strong></span> <span class='ocrx_word' id='word_1_66' title='bbox 579 1491 706 1557; x_wconf 80' lang='lat' dir='ltr'><strong>aliunde</strong></span> <span class='ocrx_word' id='word_1_67' title='bbox 730 1503 835 1556; x_wconf 90' lang='lat' dir='ltr'><strong>ortum</strong></span> <span class='ocrx_word' id='word_1_68' title='bbox 859 1491 967 1572; x_wconf 89' lang='lat' dir='ltr'><strong>credo;</strong></span> <span class='ocrx_word' id='word_1_69' title='bbox 999 1505 1046 1558; x_wconf 90' lang='lat' dir='ltr'><strong>est</strong></span> <span class='ocrx_word' id='word_1_70' title='bbox 1069 1492 1155 1558; x_wconf 91' lang='lat' dir='ltr'><strong>enim</strong></span> <span class='ocrx_word' id='word_1_71' title='bbox 1179 1518 1243 1560; x_wconf 93' lang='lat' dir='ltr'><strong>una</strong></span> <span class='ocrx_word' id='word_1_72' title='bbox 1264 1495 1303 1563; x_wconf 91' lang='lat' dir='ltr'><strong>de</strong></span> 
     </span>
     <span class='ocr_line' id='line_1_11' title="bbox 114 1610 1302 1705; baseline 0.002 -24"><span class='ocrx_word' id='word_1_73' title='bbox 114 1615 225 1681; x_wconf 88' lang='lat' dir='ltr'><strong>multis</strong></span> <span class='ocrx_word' id='word_1_74' title='bbox 247 1616 399 1696; x_wconf 84' lang='lat' dir='ltr'><strong>maculis,</strong></span> <span class='ocrx_word' id='word_1_75' title='bbox 425 1615 540 1705; x_wconf 84' lang='lat' dir='ltr'><strong>quibus</strong></span> <span class='ocrx_word' id='word_1_76' title='bbox 563 1612 650 1704; x_wconf 87' lang='lat' dir='ltr'><strong>quod</strong></span> <span class='ocrx_word' id='word_1_77' title='bbox 671 1611 832 1703; x_wconf 89' lang='lat' dir='ltr'><strong>praecedit</strong></span> <span class='ocrx_word' id='word_1_78' title='bbox 854 1611 967 1694; x_wconf 78' lang='lat' dir='ltr'><strong>folium</strong></span> <span class='ocrx_word' id='word_1_79' title='bbox 989 1610 1089 1680; x_wconf 89' lang='lat' dir='ltr'><strong>hocce</strong></span> <span class='ocrx_word' id='word_1_80' title='bbox 1112 1616 1302 1703; x_wconf 78' lang='lat' dir='ltr'><strong>inquinavit.</strong></span> 
     </span>
     <span class='ocr_line' id='line_1_12' title="bbox 117 1733 1304 1826; baseline 0.001 -24"><span class='ocrx_word' id='word_1_81' title='bbox 117 1734 187 1802; x_wconf 87' lang='lat' dir='ltr'><strong>Nec</strong></span> <span class='ocrx_word' id='word_1_82' title='bbox 226 1736 296 1803; x_wconf 92' lang='lat' dir='ltr'><strong>fieri</strong></span> <span class='ocrx_word' id='word_1_83' title='bbox 325 1748 447 1826; x_wconf 91' lang='lat' dir='ltr'><strong>potest,</strong></span> <span class='ocrx_word' id='word_1_84' title='bbox 480 1735 611 1826; x_wconf 90' lang='lat' dir='ltr'><strong>opinor,</strong></span> <span class='ocrx_word' id='word_1_85' title='bbox 644 1746 681 1800; x_wconf 91' lang='lat' dir='ltr'><strong>ut</strong></span> <span class='ocrx_word' id='word_1_86' title='bbox 710 1733 835 1823; x_wconf 79' lang='lat' dir='ltr'><strong>legatur</strong></span> <span class='ocrx_word' id='word_1_87' title='bbox 867 1756 1062 1822; x_wconf 84' lang='lat' dir='ltr'><strong>praenomen</strong></span> <span class='ocrx_word' id='word_1_88' title='bbox 1096 1734 1196 1815; x_wconf 92' lang='lat' dir='ltr'><strong>illud,</strong></span> <span class='ocrx_word' id='word_1_89' title='bbox 1229 1760 1304 1804; x_wconf 88' lang='lat' dir='ltr'><strong>narn</strong></span> 
     </span>
     <span class='ocr_line' id='line_1_13' title="bbox 117 1853 1305 1953; baseline 0.003 -32"><span class='ocrx_word' id='word_1_90' title='bbox 117 1857 249 1922; x_wconf 85' lang='lat' dir='ltr'><strong>omniuo</strong></span> <span class='ocrx_word' id='word_1_91' title='bbox 278 1857 405 1953; x_wconf 85' lang='lat' dir='ltr'><strong>nullum</strong></span> <span class='ocrx_word' id='word_1_92' title='bbox 435 1856 521 1922; x_wconf 86' lang='lat' dir='ltr'><strong>tituli</strong></span> <span class='ocrx_word' id='word_1_93' title='bbox 548 1867 678 1948; x_wconf 89' lang='lat' dir='ltr'><strong>apparet</strong></span> <span class='ocrx_word' id='word_1_94' title='bbox 702 1855 885 1944; x_wconf 79' lang='lat' dir='ltr'><strong>vestigium,</strong></span> <span class='ocrx_word' id='word_1_95' title='bbox 910 1855 974 1920; x_wconf 85' lang='lat' dir='ltr'><strong>sire</strong></span> <span class='ocrx_word' id='word_1_96' title='bbox 997 1853 1139 1921; x_wconf 91' lang='lat' dir='ltr'><strong>nondum</strong></span> <span class='ocrx_word' id='word_1_97' title='bbox 1161 1871 1305 1925; x_wconf 83' lang='lat' dir='ltr'><strong>exaratus</strong></span> 
     </span>
     <span class='ocr_line' id='line_1_14' title="bbox 117 1974 1305 2065; baseline 0.002 -22"><span class='ocrx_word' id='word_1_98' title='bbox 117 1977 232 2055; x_wconf 84' lang='lat' dir='ltr'><strong>fuerit,</strong></span> <span class='ocrx_word' id='word_1_99' title='bbox 263 1974 349 2065; x_wconf 90' lang='lat' dir='ltr'><strong>qnod</strong></span> <span class='ocrx_word' id='word_1_100' title='bbox 371 1976 453 2042; x_wconf 79' lang='lat' dir='ltr'><strong>forte</strong></span> <span class='ocrx_word' id='word_1_101' title='bbox 477 1976 556 2041; x_wconf 84' lang='lat' dir='ltr'><strong>alius</strong></span> <span class='ocrx_word' id='word_1_102' title='bbox 579 1975 700 2041; x_wconf 87' lang='lat' dir='ltr'><strong>librarii</strong></span> <span class='ocrx_word' id='word_1_103' title='bbox 723 1997 839 2040; x_wconf 91' lang='lat' dir='ltr'><strong>munus</strong></span> <span class='ocrx_word' id='word_1_104' title='bbox 862 1975 942 2053; x_wconf 91' lang='lat' dir='ltr'><strong>fuit,</strong></span> <span class='ocrx_word' id='word_1_105' title='bbox 968 1975 1031 2042; x_wconf 80' lang='lat' dir='ltr'><strong>sire</strong></span> <span class='ocrx_word' id='word_1_106' title='bbox 1054 1976 1188 2042; x_wconf 89' lang='lat' dir='ltr'><strong>ornandi</strong></span> <span class='ocrx_word' id='word_1_107' title='bbox 1211 2000 1305 2045; x_wconf 84' lang='lat' dir='ltr'><strong>causa</strong></span> 
     </span>
     <span class='ocr_line' id='line_1_15' title="bbox 117 2095 1306 2186; baseline 0.003 -24"><span class='ocrx_word' id='word_1_108' title='bbox 117 2096 217 2163; x_wconf 91' lang='lat' dir='ltr'><strong>rubro</strong></span> <span class='ocrx_word' id='word_1_109' title='bbox 247 2095 360 2162; x_wconf 91' lang='lat' dir='ltr'><strong>eodem</strong></span> <span class='ocrx_word' id='word_1_110' title='bbox 391 2095 447 2161; x_wconf 91' lang='lat' dir='ltr'><strong>illo</strong></span> <span class='ocrx_word' id='word_1_111' title='bbox 477 2119 553 2162; x_wconf 92' lang='lat' dir='ltr'><strong>suco</strong></span> <span class='ocrx_word' id='word_1_112' title='bbox 584 2097 741 2186; x_wconf 86' lang='lat' dir='ltr'><strong>scripserit</strong></span> <span class='ocrx_word' id='word_1_113' title='bbox 772 2118 864 2175; x_wconf 93' lang='lat' dir='ltr'><strong>eum,</strong></span> <span class='ocrx_word' id='word_1_114' title='bbox 890 2117 953 2184; x_wconf 91' lang='lat' dir='ltr'><strong>quo</strong></span> <span class='ocrx_word' id='word_1_115' title='bbox 976 2108 1101 2185; x_wconf 89' lang='lat' dir='ltr'><strong>partem</strong></span> <span class='ocrx_word' id='word_1_116' title='bbox 1123 2098 1209 2164; x_wconf 88' lang='lat' dir='ltr'><strong>tituli</strong></span> <span class='ocrx_word' id='word_1_117' title='bbox 1232 2099 1306 2166; x_wconf 89' lang='lat' dir='ltr'><strong>libri</strong></span> 
     </span>
     <span class='ocr_line' id='line_1_16' title="bbox 117 2216 1305 2307; baseline 0.002 -22"><span class='ocrx_word' id='word_1_118' title='bbox 117 2218 280 2307; x_wconf 83' lang='lat' dir='ltr'><strong>sequentis</strong></span> <span class='ocrx_word' id='word_1_119' title='bbox 312 2229 471 2283; x_wconf 82' lang='lat' dir='ltr'><strong>exaratam</strong></span> <span class='ocrx_word' id='word_1_120' title='bbox 509 2240 575 2283; x_wconf 89' lang='lat' dir='ltr'><strong>esse</strong></span> <span class='ocrx_word' id='word_1_121' title='bbox 615 2229 703 2282; x_wconf 89' lang='lat' dir='ltr'><strong>recte</strong></span> <span class='ocrx_word' id='word_1_122' title='bbox 747 2216 883 2283; x_wconf 89' lang='lat' dir='ltr'><strong>coniecit</strong></span> <span class='ocrx_word' id='word_1_123' title='bbox 914 2216 1030 2298; x_wconf 82' lang='lat' dir='ltr'><strong>Maius3</strong></span> <span class='ocrx_word' id='word_1_124' title='bbox 1065 2241 1160 2307; x_wconf 88' lang='lat' dir='ltr'><strong>quern</strong></span> <span class='ocrx_word' id='word_1_125' title='bbox 1193 2242 1305 2288; x_wconf 93' lang='lat' dir='ltr'><strong>sucum</strong></span> 
     </span>
     <span class='ocr_line' id='line_1_17' title="bbox 118 2336 1306 2429; baseline 0.003 -24"><span class='ocrx_word' id='word_1_126' title='bbox 118 2336 295 2406; x_wconf 86' lang='lat' dir='ltr'><strong>coloratum</strong></span> <span class='ocrx_word' id='word_1_127' title='bbox 327 2359 426 2426; x_wconf 91' lang='lat' dir='ltr'><strong>quum</strong></span> <span class='ocrx_word' id='word_1_128' title='bbox 458 2360 539 2427; x_wconf 85' lang='lat' dir='ltr'><strong>aqua</strong></span> <span class='ocrx_word' id='word_1_129' title='bbox 564 2350 667 2404; x_wconf 88' lang='lat' dir='ltr'><strong>totum</strong></span> <span class='ocrx_word' id='word_1_130' title='bbox 687 2338 871 2416; x_wconf 88' lang='lat' dir='ltr'><strong>abstulerit,</strong></span> <span class='ocrx_word' id='word_1_131' title='bbox 892 2360 957 2402; x_wconf 90' lang='lat' dir='ltr'><strong>non</strong></span> <span class='ocrx_word' id='word_1_132' title='bbox 981 2350 1028 2404; x_wconf 90' lang='lat' dir='ltr'><strong>est</strong></span> <span class='ocrx_word' id='word_1_133' title='bbox 1051 2361 1108 2404; x_wconf 93' lang='lat' dir='ltr'><strong>cur</strong></span> <span class='ocrx_word' id='word_1_134' title='bbox 1131 2363 1306 2429; x_wconf 90' lang='lat' dir='ltr'><strong>pronomen</strong></span> 
     </span>
     <span class='ocr_line' id='line_1_18' title="bbox 117 2458 1306 2551; baseline 0.002 -24"><span class='ocrx_word' id='word_1_135' title='bbox 117 2472 277 2527; x_wconf 71' lang='lat' dir='ltr'><strong>senatum</strong></span> <span class='ocrx_word' id='word_1_136' title='bbox 300 2482 366 2526; x_wconf 90' lang='lat' dir='ltr'><strong>esse</strong></span> <span class='ocrx_word' id='word_1_137' title='bbox 390 2459 566 2525; x_wconf 86' lang='lat' dir='ltr'><strong>credamus.</strong></span> <span class='ocrx_word' id='word_1_138' title='bbox 604 2458 750 2548; x_wconf 86' lang='lat' dir='ltr'><strong>Denique</strong></span> <span class='ocrx_word' id='word_1_139' title='bbox 770 2459 796 2522; x_wconf 93' lang='lat' dir='ltr'><strong>si</strong></span> <span class='ocrx_word' id='word_1_140' title='bbox 815 2458 1002 2548; x_wconf 89' lang='lat' dir='ltr'><strong>subscriptio</strong></span> <span class='ocrx_word' id='word_1_141' title='bbox 1022 2459 1112 2525; x_wconf 90' lang='lat' dir='ltr'><strong>nobis</strong></span> <span class='ocrx_word' id='word_1_142' title='bbox 1131 2461 1306 2551; x_wconf 83' lang='lat' dir='ltr'><strong>supplenda</strong></span> 
     </span>
     <span class='ocr_line' id='line_1_19' title="bbox 117 2578 1235 2668; baseline -0.002 -19"><span class='ocrx_word' id='word_1_143' title='bbox 117 2594 165 2649; x_wconf 89' lang='lat' dir='ltr'><strong>est</strong></span> <span class='ocrx_word' id='word_1_144' title='bbox 188 2578 228 2646; x_wconf 89' lang='lat' dir='ltr'><strong>ad</strong></span> <span class='ocrx_word' id='word_1_145' title='bbox 248 2578 322 2646; x_wconf 89' lang='lat' dir='ltr'><strong>libri</strong></span> <span class='ocrx_word' id='word_1_146' title='bbox 345 2578 476 2646; x_wconf 89' lang='lat' dir='ltr'><strong>secundi</strong></span> <span class='ocrx_word' id='word_1_147' title='bbox 498 2579 698 2668; x_wconf 79' lang='lat' dir='ltr'><strong>exemplum,</strong></span> <span class='ocrx_word' id='word_1_148' title='bbox 723 2579 897 2667; x_wconf 76' lang='lat' dir='ltr'><strong>refingatur</strong></span> <span class='ocrx_word' id='word_1_149' title='bbox 920 2579 953 2643; x_wconf 91' lang='lat' dir='ltr'><strong>in</strong></span> <span class='ocrx_word' id='word_1_150' title='bbox 976 2579 1063 2646; x_wconf 92' lang='lat' dir='ltr'><strong>hunc</strong></span> <span class='ocrx_word' id='word_1_151' title='bbox 1086 2579 1235 2648; x_wconf 90' lang='lat' dir='ltr'><strong>modum:</strong></span> 
     </span>
    </p>
   </div>
   <div class='ocr_carea' id='block_1_3' title="bbox 493 2772 932 2945">
    <p class='ocr_par' dir='ltr' id='par_1_6' title="bbox 493 2772 932 2945">
     <span class='ocr_line' id='line_1_20' title="bbox 560 2772 871 2823; baseline -0.006 -1"><span class='ocrx_word' id='word_1_152' title='bbox 560 2775 608 2823; x_wconf 70' lang='lat' dir='ltr'><strong>nt.</strong></span> <span class='ocrx_word' id='word_1_153' title='bbox 635 2774 735 2823; x_wconf 77' lang='lat' dir='ltr'>&#39;IVLLI</span> <span class='ocrx_word' id='word_1_154' title='bbox 759 2772 871 2822; x_wconf 78' lang='lat' dir='ltr'><strong>GIGLR.</strong></span> 
     </span>
     <span class='ocr_line' id='line_1_21' title="bbox 493 2896 932 2945; baseline -0.005 0"><span class='ocrx_word' id='word_1_155' title='bbox 493 2897 536 2945; x_wconf 82' lang='lat' dir='ltr'><strong>DL</strong></span> <span class='ocrx_word' id='word_1_156' title='bbox 561 2897 603 2945; x_wconf 71' lang='lat' dir='ltr'><strong>nn</strong></span> <span class='ocrx_word' id='word_1_157' title='bbox 627 2897 658 2944; x_wconf 87' lang='lat' dir='ltr'><strong>P.</strong></span> <span class='ocrx_word' id='word_1_158' title='bbox 685 2896 784 2945; x_wconf 77' lang='lat' dir='ltr'><strong>niune</strong></span> <span class='ocrx_word' id='word_1_159' title='bbox 809 2896 831 2944; x_wconf 91' lang='lat'><strong>1.</strong></span> <span class='ocrx_word' id='word_1_160' title='bbox 858 2896 932 2944; x_wconf 76' lang='lat' dir='ltr'><strong>EXP.</strong></span> 
     </span>
    </p>
   </div>
   <div class='ocr_carea' id='block_1_4' title="bbox 616 3338 813 3406">
    <p class='ocr_par' dir='ltr' id='par_1_7' title="bbox 616 3338 813 3406">
     <span class='ocr_line' id='line_1_22' title="bbox 616 3338 813 3406; baseline 0 -1"><span class='ocrx_word' id='word_1_161' title='bbox 616 3338 746 3405; x_wconf 82' lang='lat' dir='ltr'>LIBER</span> <span class='ocrx_word' id='word_1_162' title='bbox 770 3340 813 3406; x_wconf 89' lang='grc' dir='ltr'><strong>ΙΙ.</strong></span> 
     </span>
    </p>
   </div>
   <div class='ocr_carea' id='block_1_5' title="bbox 122 3565 1312 3904">
    <p class='ocr_par' dir='ltr' id='par_1_8' title="bbox 122 3565 1312 3904">
     <span class='ocr_line' id='line_1_23' title="bbox 169 3565 1308 3656; baseline 0.004 -24"><span class='ocrx_word' id='word_1_163' title='bbox 169 3570 333 3654; x_wconf 76' lang='lat' dir='ltr'><strong>Quaenam</strong></span> <span class='ocrx_word' id='word_1_164' title='bbox 365 3565 439 3631; x_wconf 88' lang='lat' dir='ltr'><strong>libri</strong></span> <span class='ocrx_word' id='word_1_165' title='bbox 469 3566 502 3632; x_wconf 95' lang='lat' dir='ltr'><strong>II</strong></span> <span class='ocrx_word' id='word_1_166' title='bbox 535 3567 747 3656; x_wconf 87' lang='lat' dir='ltr'><strong>inscriptionis</strong></span> <span class='ocrx_word' id='word_1_167' title='bbox 779 3567 902 3634; x_wconf 85' lang='lat' dir='ltr'><strong>litterae</strong></span> <span class='ocrx_word' id='word_1_168' title='bbox 934 3570 967 3634; x_wconf 94' lang='lat' dir='ltr'><strong>in</strong></span> <span class='ocrx_word' id='word_1_169' title='bbox 1003 3569 1107 3636; x_wconf 89' lang='lat' dir='ltr'><strong>lucem</strong></span> <span class='ocrx_word' id='word_1_170' title='bbox 1138 3569 1308 3650; x_wconf 88' lang='lat' dir='ltr'><strong>redierint,</strong></span> 
     </span>
     <span class='ocr_line' id='line_1_24' title="bbox 122 3666 1311 3781; baseline 0.003 -26"><span class='ocrx_word' id='word_1_171' title='bbox 122 3666 228 3758; x_wconf 81' lang='lat' dir='ltr'><strong>ridere</strong></span> <span class='ocrx_word' id='word_1_172' title='bbox 254 3699 302 3754; x_wconf 92' lang='lat' dir='ltr'><strong>est</strong></span> <span class='ocrx_word' id='word_1_173' title='bbox 331 3689 365 3753; x_wconf 90' lang='lat' dir='ltr'><strong>in</strong></span> <span class='ocrx_word' id='word_1_174' title='bbox 396 3687 590 3778; x_wconf 85' lang='lat' dir='ltr'><strong>palimpsesti</strong></span> <span class='ocrx_word' id='word_1_175' title='bbox 621 3688 794 3778; x_wconf 85' lang='lat' dir='ltr'><strong>scripturae</strong></span> <span class='ocrx_word' id='word_1_176' title='bbox 820 3691 1014 3780; x_wconf 86' lang='lat' dir='ltr'><strong>specimine,</strong></span> <span class='ocrx_word' id='word_1_177' title='bbox 1044 3690 1128 3781; x_wconf 91' lang='lat' dir='ltr'><strong>quod</strong></span> <span class='ocrx_word' id='word_1_178' title='bbox 1152 3692 1253 3758; x_wconf 85' lang='lat' dir='ltr'><strong>Maius</strong></span> <span class='ocrx_word' id='word_1_179' title='bbox 1278 3694 1311 3758; x_wconf 94' lang='lat' dir='ltr'><strong>in</strong></span> 
     </span>
     <span class='ocr_line' id='line_1_25' title="bbox 123 3807 1312 3904; baseline 0.005 -28"><span class='ocrx_word' id='word_1_180' title='bbox 123 3834 176 3878; x_wconf 85' lang='lat' dir='ltr'><strong>aes</strong></span> <span class='ocrx_word' id='word_1_181' title='bbox 212 3821 359 3875; x_wconf 83' lang='lat' dir='ltr'><strong>accurate</strong></span> <span class='ocrx_word' id='word_1_182' title='bbox 384 3807 516 3888; x_wconf 85' lang='lat' dir='ltr'><strong>incidit,</strong></span> <span class='ocrx_word' id='word_1_183' title='bbox 549 3810 684 3899; x_wconf 81' lang='lat' dir='ltr'><strong>exceptis</strong></span> <span class='ocrx_word' id='word_1_184' title='bbox 711 3810 823 3877; x_wconf 89' lang='lat' dir='ltr'><strong>litteris</strong></span> <span class='ocrx_word' id='word_1_185' title='bbox 846 3831 886 3892; x_wconf 91' lang='grc'><strong>6,</strong></span> <span class='ocrx_word' id='word_1_186' title='bbox 916 3836 991 3878; x_wconf 91' lang='lat' dir='ltr'><strong>nam</strong></span> <span class='ocrx_word' id='word_1_187' title='bbox 1015 3835 1093 3902; x_wconf 84' lang='lat' dir='ltr'><strong>aper</strong></span> <span class='ocrx_word' id='word_1_188' title='bbox 1116 3812 1190 3893; x_wconf 94' lang='lat' dir='ltr'><strong>ille,</strong></span> <span class='ocrx_word' id='word_1_189' title='bbox 1216 3838 1312 3904; x_wconf 90' lang='lat' dir='ltr'><strong>quem</strong></span> 
     </span>
    </p>
   </div>
   <div class='ocr_carea' id='block_1_6' title="bbox 122 3930 1313 4749">
    <p class='ocr_par' dir='ltr' id='par_1_9' title="bbox 122 3930 1313 4749">
     <span class='ocr_line' id='line_1_26' title="bbox 122 3930 1312 4026; baseline 0.003 -29"><span class='ocrx_word' id='word_1_190' title='bbox 122 3933 158 3997; x_wconf 91' lang='lat' dir='ltr'><strong>in</strong></span> <span class='ocrx_word' id='word_1_191' title='bbox 183 3930 288 3997; x_wconf 90' lang='lat' dir='ltr'><strong>media</strong></span> <span class='ocrx_word' id='word_1_192' title='bbox 314 3930 420 3997; x_wconf 86' lang='lat' dir='ltr'><strong>littera</strong></span> <span class='ocrx_word' id='word_1_193' title='bbox 449 3932 572 3997; x_wconf 88' lang='lat' dir='ltr'><strong>etiamsi</strong></span> <span class='ocrx_word' id='word_1_194' title='bbox 602 3931 797 4011; x_wconf 82' lang='lat' dir='ltr'><strong>breviorem,</strong></span> <span class='ocrx_word' id='word_1_195' title='bbox 830 3943 865 3997; x_wconf 86' lang='lat' dir='ltr'><strong>ut</strong></span> <span class='ocrx_word' id='word_1_196' title='bbox 896 3932 966 3999; x_wconf 90' lang='lat' dir='ltr'><strong>ficri</strong></span> <span class='ocrx_word' id='word_1_197' title='bbox 995 3933 1073 3999; x_wconf 89' lang='lat' dir='ltr'><strong>solet</strong></span> <span class='ocrx_word' id='word_1_198' title='bbox 1100 3935 1312 4026; x_wconf 86' lang='lat' dir='ltr'><strong>inscriptura</strong></span> 
     </span>
     <span class='ocr_line' id='line_1_27' title="bbox 124 4051 1313 4147; baseline 0.005 -31"><span class='ocrx_word' id='word_1_199' title='bbox 124 4051 301 4141; x_wconf 85' lang='lat' dir='ltr'><strong>quadrata,</strong></span> <span class='ocrx_word' id='word_1_200' title='bbox 323 4053 442 4133; x_wconf 91' lang='lat' dir='ltr'><strong>cernis,</strong></span> <span class='ocrx_word' id='word_1_201' title='bbox 467 4053 500 4118; x_wconf 90' lang='lat' dir='ltr'><strong>in</strong></span> <span class='ocrx_word' id='word_1_202' title='bbox 523 4052 625 4142; x_wconf 90' lang='lat' dir='ltr'><strong>prima</strong></span> <span class='ocrx_word' id='word_1_203' title='bbox 648 4065 813 4118; x_wconf 83' lang='lat' dir='ltr'><strong>tantumn</strong></span> <span class='ocrx_word' id='word_1_204' title='bbox 836 4053 952 4119; x_wconf 92' lang='lat' dir='ltr'><strong>incisus</strong></span> <span class='ocrx_word' id='word_1_205' title='bbox 976 4067 1022 4120; x_wconf 91' lang='lat' dir='ltr'><strong>est</strong></span> <span class='ocrx_word' id='word_1_206' title='bbox 1047 4077 1138 4121; x_wconf 83' lang='lat' dir='ltr'><strong>versu</strong></span> <span class='ocrx_word' id='word_1_207' title='bbox 1160 4058 1263 4147; x_wconf 91' lang='lat' dir='ltr'><strong>primo</strong></span> <span class='ocrx_word' id='word_1_208' title='bbox 1281 4069 1313 4123; x_wconf 84' lang='lat' dir='ltr'><strong>et</strong></span> 
     </span>
     <span class='ocr_line' id='line_1_28' title="bbox 123 4172 1312 4263; baseline 0.003 -24"><span class='ocrx_word' id='word_1_209' title='bbox 123 4173 239 4252; x_wconf 90' lang='lat' dir='ltr'><strong>tertio,</strong></span> <span class='ocrx_word' id='word_1_210' title='bbox 279 4172 360 4263; x_wconf 76' lang='lat' dir='ltr'><strong>fugit</strong></span> <span class='ocrx_word' id='word_1_211' title='bbox 395 4197 467 4240; x_wconf 85' lang='lat' dir='ltr'><strong>vero</strong></span> <span class='ocrx_word' id='word_1_212' title='bbox 499 4172 651 4240; x_wconf 87' lang='lat' dir='ltr'><strong>editorem</strong></span> <span class='ocrx_word' id='word_1_213' title='bbox 683 4173 717 4237; x_wconf 92' lang='lat' dir='ltr'><strong>in</strong></span> <span class='ocrx_word' id='word_1_214' title='bbox 749 4191 791 4240; x_wconf 84' lang='grc'><strong>66</strong></span> <span class='ocrx_word' id='word_1_215' title='bbox 822 4185 854 4239; x_wconf 88' lang='grc'><strong>66</strong></span> <span class='ocrx_word' id='word_1_216' title='bbox 885 4175 917 4239; x_wconf 91' lang='lat' dir='ltr'><strong>iu</strong></span> <span class='ocrx_word' id='word_1_217' title='bbox 947 4175 1060 4242; x_wconf 85' lang='lat' dir='ltr'><strong>ultime</strong></span> <span class='ocrx_word' id='word_1_218' title='bbox 1091 4177 1176 4243; x_wconf 88' lang='lat' dir='ltr'><strong>tertii</strong></span> <span class='ocrx_word' id='word_1_219' title='bbox 1206 4199 1312 4243; x_wconf 80' lang='lat' dir='ltr'><strong>versus</strong></span> 
     </span>
     <span class='ocr_line' id='line_1_29' title="bbox 123 4291 1313 4384; baseline 0.004 -26"><span class='ocrx_word' id='word_1_220' title='bbox 123 4291 247 4372; x_wconf 90' lang='lat' dir='ltr'><strong>littera,</strong></span> <span class='ocrx_word' id='word_1_221' title='bbox 277 4294 404 4359; x_wconf 88' lang='lat' dir='ltr'><strong>latitans</strong></span> <span class='ocrx_word' id='word_1_222' title='bbox 433 4293 491 4359; x_wconf 92' lang='lat' dir='ltr'><strong>sub</strong></span> <span class='ocrx_word' id='word_1_223' title='bbox 524 4294 694 4383; x_wconf 78' lang='lat' dir='ltr'><strong>Augustini</strong></span> <span class='ocrx_word' id='word_1_224' title='bbox 725 4295 893 4384; x_wconf 82' lang='lat' dir='ltr'><strong>scripture3</strong></span> <span class='ocrx_word' id='word_1_225' title='bbox 925 4296 1101 4363; x_wconf 84' lang='lat' dir='ltr'><strong>carendum</strong></span> <span class='ocrx_word' id='word_1_226' title='bbox 1132 4309 1199 4363; x_wconf 91' lang='lat' dir='ltr'><strong>erat</strong></span> <span class='ocrx_word' id='word_1_227' title='bbox 1229 4297 1313 4364; x_wconf 85' lang='lat' dir='ltr'><strong>Maio</strong></span> 
     </span>
     <span class='ocr_line' id='line_1_30' title="bbox 123 4414 1313 4508; baseline 0.003 -28"><span class='ocrx_word' id='word_1_228' title='bbox 123 4436 167 4480; x_wconf 90' lang='lat' dir='ltr'><strong>ne</strong></span> <span class='ocrx_word' id='word_1_229' title='bbox 189 4414 233 4480; x_wconf 88' lang='lat' dir='ltr'><strong>sie</strong></span> <span class='ocrx_word' id='word_1_230' title='bbox 257 4434 270 4480; x_wconf 92' lang='lat'>1</span> <span class='ocrx_word' id='word_1_231' title='bbox 292 4415 383 4483; x_wconf 90' lang='lat' dir='ltr'><strong>fieret</strong></span> <span class='ocrx_word' id='word_1_232' title='bbox 404 4437 441 4481; x_wconf 83' lang='lat' dir='ltr'><strong>er</strong></span> <span class='ocrx_word' id='word_1_233' title='bbox 465 4434 502 4495; x_wconf 91' lang='grc'><strong>6,</strong></span> <span class='ocrx_word' id='word_1_234' title='bbox 523 4414 608 4504; x_wconf 86' lang='lat' dir='ltr'><strong>qnod</strong></span> <span class='ocrx_word' id='word_1_235' title='bbox 628 4436 669 4480; x_wconf 91' lang='lat' dir='ltr'><strong>ne</strong></span> <span class='ocrx_word' id='word_1_236' title='bbox 690 4414 818 4481; x_wconf 91' lang='lat' dir='ltr'><strong>librario</strong></span> <span class='ocrx_word' id='word_1_237' title='bbox 838 4415 968 4506; x_wconf 89' lang='lat' dir='ltr'><strong>quidem</strong></span> <span class='ocrx_word' id='word_1_238' title='bbox 985 4419 1188 4508; x_wconf 80' lang='lat' dir='ltr'><strong>ignoscimus.</strong></span> <span class='ocrx_word' id='word_1_239' title='bbox 1229 4419 1313 4484; x_wconf 88' lang='lat' dir='ltr'><strong>Rec-</strong></span> 
     </span>
     <span class='ocr_line' id='line_1_31' title="bbox 125 4535 1313 4628; baseline 0.003 -28"><span class='ocrx_word' id='word_1_240' title='bbox 125 4536 243 4602; x_wconf 90' lang='lat' dir='ltr'><strong>tissime</strong></span> <span class='ocrx_word' id='word_1_241' title='bbox 275 4549 381 4604; x_wconf 86' lang='lat' dir='ltr'><strong>autem</strong></span> <span class='ocrx_word' id='word_1_242' title='bbox 413 4537 548 4602; x_wconf 90' lang='lat' dir='ltr'><strong>coniecit</strong></span> <span class='ocrx_word' id='word_1_243' title='bbox 578 4535 679 4602; x_wconf 91' lang='lat' dir='ltr'><strong>editor</strong></span> <span class='ocrx_word' id='word_1_244' title='bbox 709 4537 920 4628; x_wconf 92' lang='lat' dir='ltr'><strong>supplendum</strong></span> <span class='ocrx_word' id='word_1_245' title='bbox 952 4563 1018 4606; x_wconf 91' lang='lat' dir='ltr'><strong>esse</strong></span> <span class='ocrx_word' id='word_1_246' title='bbox 1040 4539 1224 4626; x_wconf 80' lang='lat' dir='ltr'><strong>feliciter,</strong></span> <span class='ocrx_word' id='word_1_247' title='bbox 1258 4539 1313 4604; x_wconf 94' lang='lat' dir='ltr'><strong>ubi</strong></span> 
     </span>
     <span class='ocr_line' id='line_1_32' title="bbox 126 4658 1313 4749; baseline 0.001 -28"><span class='ocrx_word' id='word_1_248' title='bbox 126 4669 300 4726; x_wconf 85' lang='lat' dir='ltr'><strong>atramento</strong></span> <span class='ocrx_word' id='word_1_249' title='bbox 325 4671 447 4733; x_wconf 89' lang='lat' dir='ltr'><strong>tantum</strong></span> <span class='ocrx_word' id='word_1_250' title='bbox 471 4658 604 4749; x_wconf 88' lang='lat' dir='ltr'><strong>scriptae</strong></span> <span class='ocrx_word' id='word_1_251' title='bbox 624 4671 714 4725; x_wconf 85' lang='lat' dir='ltr'><strong>erent</strong></span> <span class='ocrx_word' id='word_1_252' title='bbox 738 4659 887 4726; x_wconf 84' lang='lat' dir='ltr'><strong>litterae.</strong></span> <span class='ocrx_word' id='word_1_253' title='bbox 910 4681 929 4728; x_wconf 91' lang='grc'><strong>6</strong></span> <span class='ocrx_word' id='word_1_254' title='bbox 953 4713 958 4727; x_wconf 92' lang='grc'><strong>.</strong></span> <span class='ocrx_word' id='word_1_255' title='bbox 983 4682 994 4727; x_wconf 88' lang='lat'>1</span> <span class='ocrx_word' id='word_1_256' title='bbox 1018 4715 1023 4728; x_wconf 93' lang='lat'><strong>.</strong></span> <span class='ocrx_word' id='word_1_257' title='bbox 1046 4681 1057 4727; x_wconf 90' lang='lat'>1</span> <span class='ocrx_word' id='word_1_258' title='bbox 1081 4713 1086 4726; x_wconf 92' lang='lat'><strong>.</strong></span> <span class='ocrx_word' id='word_1_259' title='bbox 1109 4680 1172 4738; x_wconf 83' lang='lat' dir='ltr'><strong>u.,</strong></span> <span class='ocrx_word' id='word_1_260' title='bbox 1195 4672 1313 4725; x_wconf 84' lang='lat' dir='ltr'><strong>ceteros</strong></span> 
     </span>
    </p>
   </div>
   <div class='ocr_carea' id='block_1_7' title="bbox 0 0 1494 5182">
    <p class='ocr_par' dir='ltr' id='par_1_10' title="bbox 0 0 1494 5182">
     <span class='ocr_line' id='line_1_33' title="bbox 0 0 1494 5182; baseline 0 0"><span class='ocrx_word' id='word_1_261' title='bbox 0 0 1494 5182; x_wconf 95' lang='lat' dir='ltr'><strong> </strong></span> 
     </span>
    </p>
   </div>
  </div>
 </body>
</html>
