2946 5182
577 368 837 417 surnorrrorrs.
1238 356 1299 420 175

158 535 343 626 Typothetis
372 538 472 616 forte,
504 549 598 627 utque
630 536 775 604 editionis
798 539 966 606 correctori
986 537 1151 607 tribuerim
1175 540 1253 632 (lap.
1280 549 1301 610 3

114 660 134 743 §
172 664 211 723 1:
260 656 343 724 «Ob
373 657 453 725 levia
483 658 602 749 proclia
635 658 763 748 quidam
792 663 1019 751 imperatoris
1043 661 1219 752 triumphos
1244 662 1302 730 sibi

110 776 241 844 decerni
271 779 473 869 postulabant
487 803 507 843 u
539 802 598 869 pro
623 782 873 870 imperotores,
898 781 940 846 cf.
968 781 1074 847 Vuler.
1101 782 1153 863 ΙΙ,
1179 787 1200 849 8
1224 786 1242 870 §
1269 787 1300 850 1.

159 894 291 966 constat
325 922 362 965 er
397 899 527 967 historic
562 899 745 990 Philippum
779 922 845 967 esse
879 902 998 967 rictum
1029 925 1047 966 a
1080 900 1116 968 T.
1153 905 1301 991 Quinctio

112 1019 312 1100 Flaminino,
346 1022 435 1087 cuius
466 1022 593 1087 fratrom
630 1022 764 1088 Lucium
795 1045 893 1111 quum
926 1022 1069 1090 Valerius
1098 1024 1150 1103 Il,
1189 1028 1209 1090 9
1236 1028 1254 1112 §
1281 1031 1301 1093 3

111 1141 215 1207 tradat
247 1164 265 1206 a
298 1139 418 1208 (latone
450 1153 560 1209 senatu
588 1165 654 1209 esse
684 1155 826 1222 motum,
857 1166 979 1208 summo
1003 1145 1071 1210 iure
1095 1144 1229 1213 editores
1252 1147 1302 1212 rel

113 1276 224 1328 contre
248 1264 498 1329 consentientem
521 1261 667 1328 codicum
690 1263 859 1329 lectionem
882 1263 1027 1330 dixerunt
1050 1264 1142 1330 illum
1167 1266 1203 1332 L.
1227 1265 1301 1332 Fla·

97 1383 300 1495 .miuiuum,·
326 1395 358 1448 ut
382 1384 467 1449 Paris
492 1383 561 1448 Lib.
587 1383 639 1462 II,
666 1381 744 1474 Cap.
773 1388 791 1449 4
814 1387 867 1470 §3
893 1408 1003 1450 rerum
1017 1387 1148 1452 serravit
1164 1407 1300 1467 nomen,

111 1516 223 1569 contra
252 1502 335 1570 hlaio
363 1504 503 1594 placuit,
533 1505 588 1592 qui
611 1506 811 1593 epitomatori
834 1526 999 1572 erroneam
1021 1507 1156 1572 formam
1180 1507 1301 1574 Flami·

111 1628 207 1689 uium
239 1623 390 1691 obtrudit.
439 1626 486 1692 lle
515 1625 674 1717 proposito
706 1627 820 1716 sprevit
852 1628 1022 1716 genuinam
1046 1630 1201 1709 formam,
1226 1653 1302 1695 narn

111 1745 184 1811 Lib.
218 1742 281 1826 lt,
315 1745 393 1837 Gap.
429 1751 450 1813 6
482 1752 500 1833 §
534 1752 554 1812 4
583 1746 721 1837 Philippi
749 1748 849 1813 vietor
880 1748 919 1813 ab
943 1772 980 1815 eo
1005 1750 1200 1840 appelletur:
1228 1751 1298 1818 «Τ.

112 1867 259 1952 Quintus
294 1868 534 1948 Flaminius,>›
570 1869 693 1934 etiamsi
728 1868 825 1935 codex
860 1882 944 1936 recte
981 1873 1110 1937 omnino
1134 1871 1182 1937 bis
1204 1871 1301 1938 habet

112 2012 134 2051 r<
147 1989 183 2054 T.
219 1989 378 2073 Quintius
395 1990 604 2057 Flamininus
615 2014 649 2069 ‚u
674 2003 709 2056 ut
732 2014 769 2056 ex
789 1990 962 2057 emendatis
981 1991 1069 2057 libris
1088 1992 1205 2082 legitur
1217 1992 1302 2083 apud

113 2109 184 2176 Fal.
210 2109 276 2189 IV,
301 2114 322 2176 8
347 2112 364 2195 §
390 2116 421 2176 5.
471 2111 617 2200 Denique
641 2112 713 2177 Lib.
740 2111 788 2191 F,
819 2110 897 2203 (lap.
924 2116 944 2178 2
970 2114 987 2199 §
1011 2117 1032 2179 6
1057 2135 1162 2180 reram
1186 2112 1301 2181 codicis

111 2230 282 2297 lectionem
314 2231 535 2297 Flamininum
568 2232 669 2299 Maius
694 2232 817 2297 abiecit
830 2232 980 2323 deditque
1000 2234 1199 2300 Flaminium
1223 2257 1300 2301 con-

20 2380 23 2385 ·
110 2365 161 2418 tra
194 2351 263 2416 Fal.
294 2352 342 2432 V,
377 2356 396 2416 2
427 2355 508 2438 §6,
534 2364 565 2419 et
583 2352 761 2433 historiam3
783 2376 845 2442 qua
869 2355 902 2419 in
925 2379 960 2421 re
984 2357 1155 2421 certissima
1175 2356 1200 2421 si
1224 2378 1303 2446 opus

113 2484 161 2539 est
194 2472 299 2539 adhuc
329 2473 481 2553 testibus,
507 2473 635 2540 consule
659 2474 767 2540 Festos
792 2472 1005 2564 Capitolinos,
1031 2476 1145 2564 quibus
1168 2477 1245 2542 item
1269 2499 1301 2541 se

112 2594 284 2661 defendere
307 2607 410 2685 potest
433 2595 553 2674 editor,
580 2594 664 2684 quod
689 2594 760 2660 Lib.
787 2594 851 2673 vl,
878 2592 955 2685 (lap.
982 2600 1002 2660 6
1028 2598 1045 2681 §
1071 2602 1090 2662 3
1115 2608 1200 2662 recte
1224 2619 1302 2662 con-

112 2728 161 2782 t'ra
186 2716 327 2782 codicem
350 2715 472 2782 dederit
495 2716 693 2795 Flaminio,
714 2714 785 2781 ride
810 2715 879 2781 Fal.
905 2715 967 2795 VI,
992 2719 1013 2781 6
1039 2719 1057 2802 §
1085 2721 1117 2783 3.

158 2837 214 2902 His
244 2837 345 2902 tribus
377 2837 453 2903 locis
486 2836 659 2902 emendatis
688 2857 855 2926 pergarnus
886 2835 919 2900 in
952 2836 1047 2901 Libro
1076 2836 1126 2902 ΙΙΙ
1138 2886 1147 2915 ,
1174 2836 1298 2926 capu

112 2961 131 3044 §
158 2962 198 3023 12
217 2959 279 3025 leri
301 2978 406 3024 errore
425 2957 609 3037 liberando,
635 2958 690 3047 qui
711 2956 826 3023 codicis
851 2969 1060 3023 correctorem
1079 2958 1297 3048 editorumque

110 3079 206 3145 lusit:
255 3077 392 3169 «Scipio
433 3077 579 3144 Metellus
610 3077 779 3142 infeliciter
815 3075 875 3143 (ln.
916 3076 1082 3168 Pompeio
1113 3081 1220 3168 generi
1251 3081 1301 3145 sui

111 3199 245 3265 defensis
272 3200 433 3290 partibus,
462 3199 565 3289 gladio
589 3221 621 3265 se
643 3199 805 3263 traiecit.»
840 3195 945 3263 (lodex
969 3198 1055 3265 enim
1078 3211 1109 3265 et
1134 3200 1202 3267 Val.
1226 3200 1298 3281 ΙΙΙ,

116 3324 136 3384 2
162 3322 179 3405 §
206 3324 245 3385 13
269 3319 405 3387 hebent:
432 3320 589 3412 Pompei.

160 3440 280 3506 Eodem
312 3442 414 3531 capite
446 3445 464 3526 §
500 3445 541 3508 25
574 3441 660 3506 Paris
691 3441 849 3530 conspirat
883 3463 956 3506 cunr
989 3440 1114 3506 Falerio
1145 3443 1165 3525 ς
1201 3445 1244 3506 24
1267 3444 1301 3508 iu

115 3562 256 3627 numeris
289 3562 477 3652 spoliorum,
509 3563 697 3640 vulnerum,
725 3582 1002 3649 coronarumque,
1028 3560 1143 3649 quibus
1166 3561 1204 3626 L.
1231 3561 1302 3629 Sic·

117 3684 205 3763 cius,
242 3682 292 3748 rel
328 3681 475 3760 Sentius,
504 3682 658 3749 Dentatus
681 3695 809 3748 ornatus
831 3665 949 3759 fuerit,
971 3692 1192 3769 praeterquam
1217 3683 1302 3772 quod

116 3803 201 3894 apud
231 3802 349 3897 Iulium
379 3802 496 3892 legitur
527 3826 549 3866 «
564 3820 642 3868 7111
664 3801 871 3892 triumphales
895 3823 1006 3868 currus
1029 3812 1153 3867 secutus
1166 3826 1201 3881 ,u
1224 3803 1301 3871 dum

115 3924 259 3990 Valerius
283 3923 390 3990 scribit
413 3946 546 4002 uocem,
572 3925 661 4013 atqui
683 3947 748 3988 non
771 3921 945 4015 spernenda
968 3933 1015 3988 est
1038 3935 1113 3987 nota
1142 3927 1302 4016 margina-

113 4047 151 4112 lis
175 4069 196 4110 u
208 4064 304 4111 ΗΠ]
324 4046 402 4110 tri.»

160 4167 208 4233 lle
239 4189 294 4232 suo
326 4166 413 4232 dedit
437 4166 539 4232 Maius
562 4166 632 4231 eod.
657 4167 753 4232 Libro
778 4163 855 4255 (lup.
883 4170 900 4230 5
926 4167 945 4250 §
970 4169 989 4230 5
1012 4165 1146 4232 formum
1171 4189 1302 4258 compo·

115 4289 206 4354 sitam
237 4289 271 4353 in
303 4287 373 4352 loco
403 4288 440 4353 L.
473 4287 649 4376 Scipionis,
684 4288 773 4354 cuius
795 4298 927 4353 «statua
952 4284 1152 4376 chlamydato
1176 4301 1208 4354 et
1232 4312 1302 4356 cre-

115 4410 223 4499 pidata
253 4412 285 4475 in
317 4409 472 4500 Capitolio
502 4411 603 4502 posita
630 4422 697 4489 est,
723 4432 786 4499 quo
809 4406 921 4473 habitu
945 4432 1018 4474 usus
1043 4409 1232 4500 aliquando,
1257 4411 1301 4475 ita

115 4556 147 4598 se
168 4532 383 4621 conformari
401 4531 535 4598 voluit.»
570 4531 713 4597 Valerius
726 4531 793 4611 ΙΙΙ,
819 4536 838 4597 6
864 4533 882 4617 §
907 4536 926 4596 2
951 4530 1097 4598 dederat:
1126 4553 1219 4619 «quo
1242 4529 1301 4596 hu·

114 4653 184 4718 bitu
208 4654 343 4744 effigiem
367 4677 455 4720 suam
471 4652 666 4739 formatum
689 4653 765 4743 poni
788 4652 927 4733 roluit3»
947 4664 983 4717 et
1005 4651 1091 4717 Paris
1106 4650 1277 4739 formari.
