2946 5182
552 375 723 423 xncrrorus
748 368 920 423 vxnrnrrs'.
1267 360 1335 421 199»

119 525 296 637 Γ(Ιυῑιηῑιιηι
329 548 361 611 in
386 547 451 634 ipsa
476 547 536 611 fuit
560 545 731 613 ademerat.
802 551 863 634 §3
900 545 1065 632 Thomyris
1136 552 1165 609 1.
1194 544 1330 611 Theme-

138 670 200 747 ris,
227 671 258 732 l.
288 667 453 756 Thamyris
484 666 490 758 Ι
522 668 621 733 iussit.
700 668 809 745 iussit,
842 667 1030 756 exprobrans
1060 667 1091 732 ei
1120 665 1331 732 insatiabilem

140 812 296 855 cruorem.
337 788 495 873 §4Iaso
516 787 669 854 thessalus
729 786 797 876 (V.)
816 785 958 852 Iasonem
976 786 1146 853 thessalum
1168 809 1330 875 persarum
1361 802 1364 809 ’

138 911 205 1000 regi
229 909 350 975 bellum
376 884 579 975 inlerrcntem
604 921 787 998 parantem,
812 930 852 972 an
878 909 950 974 satis
974 909 1055 973 iusta
1079 907 1157 972 ultio
1182 906 1331 997 absump-

140 1033 231 1110 serit,
282 1030 415 1095 dnbium
463 1042 523 1100 cst.
594 1030 712 1095 Taxillo
750 1030 836 1096 enim
864 1051 972 1118 gpmn.
1007 1026 1012 1117 Ι
1046 1029 1184 1117 Taxippo
1253 1031 1334 1093 taxi-

140 1175 224 1243 gppo
245 1151 251 1242 Ι
272 1151 512 1241 gymnasiarcho
581 1158 610 1217 1.
633 1151 866 1239 tymnasiarcho
887 1148 892 1240 Ι
914 1148 1017 1214 abhis
1064 1149 1125 1214 Ex
1139 1149 1186 1215 V.
1201 1148 1284 1214 adel.
1309 1147 1341 1238 Ι

141 1273 307 1339 drachmas
377 1273 522 1362 dragmas
562 1271 567 1362 Ι
608 1273 779 1362 posteriore
848 1272 1033 1361 posteriores
1071 1269 1253 1360 {rindicta
1278 1293 1334 1336 uso

143 1399 173 1460 1.
201 1393 358 1459 vindictae
383 1394 412 1458 ei
444 1391 449 1482 Ι
482 1393 678 1459 occiderunt.
753 1393 823 1480 (V.)
857 1416 953 1483 parto
985 1392 1181 1457 irritamento
1204 1392 1334 1481 ingenui

142 1515 271 1605 pudoris
292 1514 427 1579 maxime
440 1514 486 1578 rei
498 1515 674 1602 expectatio
686 1506 817 1578 subruta
830 1525 896 1592 est,
918 1514 1069 1602 quoniam
1082 1513 1230 1601 opinione
1244 1535 1335 1602 grae·

142 1638 210 1715 cie,
234 1648 357 1701 tanturn
381 1635 415 1699 in
434 1658 488 1725 spe
508 1635 622 1699 iasonis
642 1647 797 1724 quantum
821 1636 854 1700 in
878 1635 974 1701 effetu
987 1634 1147 1700 alexandri
1159 1634 1333 1722 reponitur.

189 1755 267 1846 Cap.
296 1759 333 1820 ll
369 1761 387 1843 §
414 1763 427 1820 l
457 1756 569 1845 agebat
641 1755 709 1843 (V.)
736 1754 892 1821 subcussis
914 1757 1010 1821 frenis
1043 1753 1048 1844 Ι
1079 1757 1145 1846 ipsa
1168 1793 1212 1803 -
1236 1756 1338 1820 iussit.

145 1879 291 1957 Erose,
323 1885 394 1941 tum
424 1900 467 1944 ex
494 1876 538 1941 V.
565 1877 673 1942 aelel:
704 1878 868 1966 repentine
891 1900 979 1942 more
1003 1900 1096 1942 causa
1120 1877 1282 1965 requisivit
1305 1889 1337 1942 et

144 2013 180 2064 ut
212 2021 324 2088 corpus
356 1974 452 2088 patris
484 1999 576 2063 servii
605 1997 689 2063 tullii
720 1998 815 2064 occisi
845 1997 890 2063 ibi
920 1998 1043 2078 iacere,
1076 2020 1169 2088 supra
1202 1997 1235 2061 id
1263 1997 1338 2062 duci

145 2119 326 2186 vehiculum
350 2120 438 2184 iussit
464 2142 527 2207 qno
551 2118 683 2185 celerius
705 2120 740 2185 in
765 2120 931 2209 complexu
953 2120 1161 2186 interfectoris
1185 2120 1252 2184 eins
1271 2131 1337 2184 tar-

147 2241 250 2330 quinii
284 2241 421 2319 reniret,
459 2262 522 2328 qua
554 2252 619 2304 tam
648 2239 765 2328 impia,
798 2252 928 2328 tamque
958 2238 1109 2328 probrosa
1139 2240 1339 2305 festinatione

146 2383 211 2426 non
243 2361 346 2426 solnm
377 2383 409 2424 se
441 2371 568 2424 aeterna
600 2359 730 2423 infamia
759 2358 816 2423 sed
841 2371 872 2424 et
895 2360 998 2450 ipsum
1021 2361 1126 2425 vicum
1152 2362 1339 2450 cognomine

145 2483 269 2548 sceleris
291 2481 472 2546 macularit.
544 2484 562 2567 §
590 2483 610 2543 2
646 2480 698 2544 cui
721 2517 766 2528 -
789 2491 892 2568 posset
961 2480 1023 2545 Ex
1048 2480 1094 2548 V.
1121 2481 1205 2546 add.
1276 2486 1337 2568 §3

148 2602 301 2670 Cicerone
374 2607 403 2667 1.
431 2613 542 2667 catone
612 2605 672 2687 §7
710 2599 869 2665 Salassnm
942 2607 970 2666 1.
997 2602 1113 2665 saisum
1173 2605 1189 2685 §
1217 2606 1236 2667 8
1261 2623 1340 2690 pugs

145 2725 264 2788 naturi.
339 2721 407 2811 (V.)
441 2745 493 2787 eos
514 2744 588 2786 cum
616 2721 713 2810 scipio
736 2703 910 2786 monuisset
933 2732 969 2785 ut
995 2721 1096 2787 verbis
1120 2722 1219 2811 magis
1243 2744 1339 2809 quarn

146 2845 228 2910 ferro
253 2857 324 2909 uter
348 2867 479 2932 regnare
504 2842 632 2908 deberet
656 2842 871 2921 decertarent,
897 2865 934 2906 ac
958 2843 1022 2907 iam
1041 2844 1142 2907 maior
1162 2857 1240 2909 natu
1261 2865 1338 2907 con·

148 2966 222 3029 siliis
246 2966 312 3030 eius
337 2965 587 3054 obtemperaret,
607 2965 712 3029 minor
732 2965 870 3053 eorporis
891 2964 1007 3029 viribus
1028 2964 1127 3029 frctus
1147 2965 1180 3028 in
1202 2965 1339 3029 amentia

147 3087 283 3175 perstitit
316 3087 459 3175 initoque
493 3087 666 3152 certamine
689 3061 881 3174 pertinacior
904 3086 1048 3174 impietas
1071 3087 1197 3151 fortune
1221 3086 1338 3152 iudicio

149 3219 252 3272 morte
277 3207 411 3271 multata
435 3219 490 3272 est.

197 3326 275 3417 Cap.
317 3331 357 3391 12
395 3330 412 3412 §
450 3332 469 3391 4
505 3327 667 3393 Iuventius
745 3327 789 3393 M.
823 3329 981 3394 iuventius
1011 3327 1018 3419 Ι
1050 3341 1162 3394 senatu
1231 3342 1341 3394 senatu

150 3448 371 3514 nuntiantibus
403 3447 409 3538 Ι
441 3450 625 3515 nuntiantes
694 3449 838 3516 Deest„
887 3455 948 3538 §7
986 3449 1167 3516 dicerentur
1237 3456 1266 3516 1.
1294 3450 1342 3515 di-

149 3571 326 3636 rirerentur
394 3576 411 3657 §
438 3572 478 3635 14
516 3570 661 3635 Manibus
685 3571 858 3659 oppressis,
928 3571 1083 3635 manibus.
1111 3568 1284 3659 Oppressus

200 3689 278 3780 Cap.
306 3694 346 3755 13
372 3696 389 3777 Ι
413 3694 432 3754 2
458 3691 516 3755 sibi
542 3691 646 3755 alvum
708 3694 738 3756 1.
765 3690 885 3757 salvum
905 3689 911 3780 Ι
932 3692 1086 3779 expiraret
1146 3698 1175 3756 1.
1203 3693 1342 3781 expirare

200 3808 277 3900 Cap.
318 3814 359 3875 14
407 3811 479 3875 sint.
552 3824 648 3890 sunt,
674 3832 765 3876 corr.
794 3819 824 3878 1.
897 3813 915 3895 Ι
943 3814 958 3874 1
996 3811 1159 3876 Masinissa
1228 3813 1343 3879 Masin-

151 3933 235 3998 nissa
266 3930 272 4020 Ι
306 3931 381 3997 fidei
451 3932 514 3997 fide
582 3937 643 4021 §2
682 3945 776 4022 atque
846 3945 940 4020 atquc
965 3933 1061 3997 etiam

200 4051 277 4143 Cap.
309 4059 347 4119 15
387 4056 404 4138 §
432 4057 450 4117 l
489 4054 671 4142 Menogenis
743 4057 772 4119 1.
810 4054 991 4143 menogeni·
1048 4058 1065 4140 Ι
1101 4059 1120 4119 3
1152 4067 1187 4119 et
1222 4061 1241 4119 4
1277 4079 1343 4119 uno

155 4183 273 4238 tenore
298 4178 456 4264 scriptae
477 4199 499 4238 a
527 4179 582 4252 1.‚
609 4174 674 4238 sed
695 4175 813 4238 altera
839 4177 935 4238 ratio
952 4175 1096 4263 placuit
1120 4179 1173 4254 ei,
1199 4179 1262 4264 qui
1283 4201 1344 4241 ru·

154 4296 272 4360 braces
297 4295 517 4386 adserr'psit,·
546 4298 664 4360 altero
683 4319 778 4386 pars
803 4300 820 4382 Ι
847 4297 866 4360 4
891 4317 977 4358 nova
1002 4296 1173 4361 habeatur
1197 4303 1225 4384 Ι.
1285 4304 1302 4385 Ι
1325 4303 1343 4362 4

155 4415 321 4505 Pamphilo
389 4415 533 4505 panphili
603 4415 874 4504 §drindiearct
947 4415 1117 4482 vindicare.
1188 4422 1237 4504 §7
1263 4420 1345 4482 olim

148 4536 382 4627 praecedenti
409 4542 426 4625 §
450 4538 675 4602 adhaerebat.
711 4534 717 4626 Ι
747 4549 889 4627 repertus
962 4542 990 4602 1.
1017 4549 1180 4627 reppertus
1250 4543 1267 4625 Ι
1305 4544 1344 4604 10

159 4656 337 4726 Ariarathes
408 4660 560 4740 ariathes,
585 4669 618 4725 et
632 4669 771 4749 postea.
796 4657 801 4748 Ι
822 4659 942 4725 occisus
963 4672 1051 4725 esset.
1111 4672 1190 4726 esset
1211 4660 1342 4727 occisus.
1375 4648 1389 4662 ”
