2946 5182
221 1345 547 1463 retroue
599 1347 811 1464 sarrs
860 1307 1249 1466 unraroan

309 1630 367 1704 nx
389 1630 534 1705 tranis
558 1628 607 1702 VI
631 1629 872 1706 innuantur
895 1631 952 1704 ΒΕ
976 1632 1153 1708 nostor.

668 1969 797 2000 «ωο-

184 2263 222 2328 In
240 2325 242 2331 ,
257 2261 367 2328 eodem
402 2261 514 2326 eximio
552 2256 667 2324 Codice
703 2259 856 2325 Vaticano
892 2263 963 2331 Lat.
1002 2236 1059 2332 ΝΟ.
1098 2268 1206 2342 4929,
1243 2265 1327 2330 unde

140 2383 280 2474 Angelus
313 2384 414 2449 Maius
437 2381 589 2472 protraxit
614 2379 734 2445 Paridis
757 2405 794 2446 ex
818 2382 943 2449 Valerio
969 2385 1105 2451 Maximo
1124 2386 1307 2475 Epitomam
1319 2434 1328 2464 ,

139 2517 237 2571 exstat
270 2504 351 2570 liber
385 2502 479 2568 simili
509 2500 603 2566 modo
635 2524 671 2566 er
703 2500 844 2590 longiore
878 2518 1043 2594 excerptus
1074 2517 1106 2571 et
1136 2505 1169 2569 in
1202 2503 1330 2570 brevius

139 2638 337 2704 contractus,
363 2647 457 2713 quem
481 2622 564 2688 idem
589 2621 643 2687 ille
666 2621 768 2687 editor
790 2623 911 2712 publici
930 2626 1006 2691 iuris
1025 2626 1101 2692 feeit
1115 2625 1229 2691 eodem
1240 2637 1328 2690 tomo

137 2747 186 2813 Ill
223 2745 423 2813 Collectionis
458 2743 655 2833 Scriptorum
691 2743 842 2809 Veterum
877 2769 895 2811 e
932 2744 1101 2812 Codieibus
1137 2746 1324 2825 Vaticanis,

136 2892 207 2959 pars
231 2866 280 2932 ΙΙΙ
301 2891 335 2956 p.
364 2869 540 2930 116-134
570 2864 701 2950 (Romae
736 2864 846 2953 1828).
895 2865 930 2933 S.
956 2865 1103 2933 Aurelius
1128 2864 1322 2956 Augustinus

137 2988 347 3079 Hipponensis
379 2986 552 3076 Episcopus
581 2986 703 3076 scripsit
734 2987 859 3053 circiter
889 3011 1009 3054 annum
1034 2987 1152 3055 Christi
1177 2993 1243 3055 389
1267 2990 1324 3054 Li-

136 3109 208 3174 bros
232 3109 277 3174 Vl
301 3108 339 3174 de
364 3108 500 3187 Musica,
526 3108 582 3197 qui
604 3107 643 3174 de
667 3108 714 3174 lte
738 3108 869 3175 Matrica
893 3133 911 3174 a
938 3110 1028 3175 nobis
1055 3111 1160 3201 potius
1180 3110 1324 3199 inseripti

136 3242 257 3308 essent,
294 3252 368 3293 nam
402 3230 442 3295 dc
475 3229 536 3294 boo
571 3241 756 3318 argumento
789 3253 847 3320 per
881 3230 1019 3320 dialogos
1050 3230 1234 3296 tenuissimo
1268 3231 1339 3325 filo

135 3350 285 3417 deductos
320 3349 458 3439 disputat
493 3361 612 3414 auctor.
662 3350 879 3416 Pervenerunt
914 3352 952 3417 ad
988 3374 1044 3417 nos
1079 3375 1129 3418 sex
1164 3352 1213 3416 illi
1249 3351 1323 3416 libri

94 3548 97 3552 Α
134 3472 347 3562 integerrimi,
383 3482 414 3537 et
445 3471 495 3536 rel
526 3471 570 3536 sie
597 3482 704 3536 tamen
733 3471 834 3536 Maius
865 3496 897 3538 se
919 3472 1061 3539 laborem
1084 3472 1171 3537 haud
1195 3473 1322 3539 irritum

133 3596 291 3660 facturum
321 3590 381 3656 sibi
413 3591 578 3671 ridebatur
606 3590 726 3657 edendo
758 3615 835 3682 opus
866 3593 946 3658 illud
979 3595 1150 3684 «priscum
1174 3617 1212 3659 ex
1237 3594 1320 3659 anti·

135 3715 282 3804 quissimo
321 3711 401 3777 libro
431 3712 665 3802 manuscripto,
702 3736 738 3778 ex
772 3711 947 3802 Augustino
979 3714 1106 3803 quidem
1131 3713 1320 3780 defloratum

133 3833 185 3900 sed
209 3833 386 3915 elocutione
409 3833 563 3898 variatum
586 3833 730 3921 miraque
753 3832 905 3899 brevitate
927 3845 1165 3899 contractum.»

178 3955 289 4020 Paucis
323 3955 412 4018 annis
440 3966 510 4042 post
534 3953 657 4017 Parisiis
681 3951 796 4041 (1836)
821 3953 1005 4044 prodierunt
1029 3953 1126 4019 iidem
1152 3953 1320 4044 Augustini

49 4167 51 4169 Ι
132 4078 205 4143 libri
227 4076 341 4165 integri
366 4074 404 4139 ad
427 4074 656 4163 manuscriptos
674 4073 890 4140 Bibliothecae
911 4075 1028 4164 Regiae
1049 4076 1204 4164 recogniti
1224 4088 1318 4166 atque

132 4197 302 4266 emendati.
350 4196 441 4261 Hanc
474 4219 548 4286 ergo
574 4194 746 4262 editionem
771 4219 868 4286 quum
894 4195 932 4261 ad
958 4196 1046 4261 istius
1067 4196 1233 4286 Epitomae
1253 4196 1317 4263 col·

131 4322 281 4387 lationem
304 4341 406 4383 meam
431 4316 633 4397 adhiberem,
658 4318 782 4408 repperi
805 4318 839 4382 in
862 4317 924 4381 hoc
944 4339 1071 4405 quoque
1094 4316 1175 4382 libro
1197 4318 1315 4383 Maium

130 4444 245 4532 passim
279 4439 389 4508 eadem
424 4438 540 4502 chorda
576 4438 753 4517 aberrasse,
789 4451 820 4503 et
859 4460 939 4502 nora
970 4437 1009 4503 de
1042 4461 1097 4503 suo
1130 4440 1313 4516 inseruisse,

101 4578 105 4594 ³
131 4564 252 4629 etiamsi
285 4560 516 4650 manuscriptus
551 4560 632 4626 liber
654 4582 727 4625 oum
752 4558 888 4625 editione
917 4559 1086 4648 conspirat.
1137 4559 1206 4627 lam
1229 4560 1314 4626 lubet

131 4688 313 4776 scriptorem
337 4683 375 4748 de
400 4705 433 4748 re
457 4682 588 4749 metrica
612 4682 692 4749 vitiis
715 4681 912 4747 laborantem
937 4703 1055 4746 sanare.
